
<!DOCTYPE HTML> 

<html xmlns="http://www.w3.org/1999/xhtml" xmlns:og="http://ogp.me/ns#">
<head id="MasterHead">
<!-- © mySupermarket Limited, 2005-2015. All rights reserved. -->
<meta http-equiv="content-type" content="text/html; charset=utf-8" />
    

<link rel="stylesheet" type="text/css" href="http://fonts.googleapis.com/css?family=Open+Sans:700,300,600,800,400" /><link rel="Shortcut Icon" type="image/x-icon" href="/Images/favicon.Mhs.ico" /><link rel="apple-touch-icon" type="image/png" href="/Images/iphone_favicon.Mhs.png" /><meta property="fb:app_id" content="155219234531154"></meta><meta property="og:site_name" content="mySupermarket"></meta><meta property="og:url" content="http://shops.mysupermarket.co.uk/department-gifts"></meta><meta property="og:title" content="Buy Gifts Online | mySupermarket | SHOPS"></meta><meta property="og:image" content="http://images.mysupermarket.co.uk/Marketing/logo.jpg"></meta><meta property="og:description" content="Shop for Gifts from independent shops around the UK. "></meta><link rel="stylesheet" type="text/css" href="http://static.mysupermarket.co.uk/Main_7.12.6/Css/production/en-GB_lib.css" /><link rel="stylesheet" type="text/css" href="http://static.mysupermarket.co.uk/Main_7.12.6/Css/production/en-GB_1.css" /><link rel="stylesheet" type="text/css" href="http://static.mysupermarket.co.uk/Main_7.12.6/Css/production/en-GB_2.css" /><link rel="stylesheet" type="text/css" href="http://static.mysupermarket.co.uk/Main_7.12.6/Css/production/en-GB.css" /><script src="http://static.mysupermarket.co.uk/Scripts_7.12.6/production/lib_lib.js" type="text/javascript"></script><script src="http://static.mysupermarket.co.uk/Scripts_7.12.6/production/en-GB.js" type="text/javascript"></script><script type="text/javascript">
_MSPC.Configuration.Init({"AjaxNavigationEnabled":true, "HistoryApiEnabled":true, "IsClientErrorLoggingEnabled":true, "debug":false});
_MSPC.Navigation.Init();
_MSPC.Localization.IsRTLEnabled=false;</script><script type="text/javascript">$(function() {


});</script><script type="text/javascript">var _gaq = _gaq || [];
_gaq.push(['_setAccount', 'UA-3692144-9']);
_gaq.push(['_setDomainName', '.mysupermarket.co.uk']);
_gaq.push(['_setCustomVar', 1 , 'UserType', 'anonymous', 1]);
_gaq.push(['_setCustomVar', 2 , 'SubscribeSubjects', 'null', 1]);
_gaq.push(['_setCustomVar', 3 , 'UserABTestSegment', 'MsmOriented', 1]);
_MSPC.Analytics.TrackPageLoadView("");
(function() {
var ga = document.createElement('script'); ga.type = 'text/javascript'; ga.async = true;
ga.src = ('https:' == document.location.protocol ? 'https://ssl' : 'http://www') + '.google-analytics.com/ga.js';
var s = document.getElementsByTagName('script')[0]; s.parentNode.insertBefore(ga, s);
})();
</script><title>
	Buy Gifts Online | mySupermarket | SHOPS
</title><meta name="description" content="Shop for Gifts from independent shops around the UK. " /><meta name="keywords" content="mySupermarket, my supermarket, supermarket price comparison, compare shopping, compare basket, price comparison, online shopping, online groceries shop, supermarket , health, beauty, beauty products, Sainsbury&#39;s, ASDA, Tesco,Morrison’s, Aldi Waitrose, Ocado, Majestic, Virgin, Wines, Superdrug, Boots, health and beauty" /></head>
<body id="MasterBody" itemscope="" itemtype="http://schema.org/WebPage" class="SiteTemplate SiteTemplateMhs  Visitor  ">
<form method="post" action="department-gifts" id="MasterForm" onsubmit="return false;">
<div class="aspNetHidden">
<input type="hidden" name="__VIEWSTATE" id="__VIEWSTATE" value="/wEPDwULLTE5ODk2MjY4MTVkZNmLUlRQq4tAsOGiNI9apBetBw7k" />
</div>

<div class="aspNetHidden">

	<input type="hidden" name="__VIEWSTATEGENERATOR" id="__VIEWSTATEGENERATOR" value="BD3ADD96" />
	<input type="hidden" name="__EVENTVALIDATION" id="__EVENTVALIDATION" value="/wEdAALt78lwUg7lpeP5vtyEsbR/Dl3smwO9SEyJfupJaSel7zUwoz1WtL4NHhIY22/Cq+4uv4JT" />
</div>
    <div id="AjaxNavigationMaster" class="AjaxNavigationMaster MhsBrowse"><script type="text/javascript">$(function() {

_MSPC.User = {"CashbackInterducePopupSeen":"false", "PostCodeExist":false, "UserName":null, "CurrentStoreID":50, "ShoppingSessionID":288754708, "Callouts":{"BuyNowProduct":"NotSeen", "SwapAndSaveListPopup":"NotSeen", "BuyNowRecipe":"NotSeen", "SwapAndSaveAction":"NotSeen"}, "IsOnlineStore":true, "HasStoreCred":false, "IsRegistered":false, "IsAnonymousLogin":false, "StoreName":"MyHighStreet", "HasStrongPassword":false, "StoreFriendlyName":"MyHighStreet", "IsPartialRegistered":false, "LastLoginWasSuccessful":false, "ChannelType":"MyHighStreet", "IsSearchEngineReferrer":false, "UserID":280656202, "ABTestSegment":"MsmOriented", "UserRegTypeABTest":"Regular"};
});</script>
        <!--Ajax Cut Start-->
        
<style>
    .CookieNotificationTopBar
    {
        font-family: Museo500;
        font-size: 12px;
        background-color: #fff9e5;
        line-height: 200%;
        padding-left: 14px;
        padding-top: 5px;
        padding-bottom: 5px;
        min-width: 980px;
    }
    .CookieNotificationTopBar .CloseNotification
    {
        background-image: url(http://content.mysupermarket.co.uk/Content/CookieNotification/Images/coockied_cut_x.png?v=1);
        width: 22px;
        height: 22px;
        cursor: pointer;
        display: inline-block;
        margin-bottom: -6px;
    }

    .MobileView .ui-page .CookieNotificationTopBar{
        font-family: inherit;
        width: 90%;
        min-width: 90%;
        padding: 5px 22px 5px 5px;
        margin: .3em auto 1em;
        position: relative;
    }

    .MobileView .ui-page .CookieNotificationTopBar a {
        text-decoration: underline;
    }

    .MobileView .CookieNotificationTopBar .CloseNotification {
        position: absolute;
        top: 0;
        right: 0;
    }

</style>
<script type="text/javascript">

    $(function () {
        $(".CookieNotificationTopBar .CloseNotification, .CookieNotificationTopBar .LearnMore").click(function () {
            var params = { "TagID": 11026, "TagData": "", "IsPerSession": false };
            _MSPC.Api.GetSingle("SetUserTag", params);
            $(".CookieNotificationTopBar").remove();
        });

    })
    
    
    

</script>
<div class="CookieNotificationTopBar">
        By using our website you consent to use our cookies, some of which may have already been set on your device. To learn more, see our <a href="http://help.mysupermarket.co.uk/index.php/knowledgebase/mysupermarket-cookie-policy/" class="LearnMore">Cookies Policy</a> and <a href="http://help.mysupermarket.co.uk/index.php/knowledgebase/privacy-policy/">Privacy Policy</a>
    <span class="CloseNotification">
    </span>
</div>

        
    
    <div id="NgMspShoppingListHeaderWrp" class="NgMspShoppingListHeader SiteHeader NoMenu">
    <div class="HeaderContent">
        <div class="HeaderContentInner">
            <div class="RightHeader">
                <a href="http://help.mysupermarket.co.uk" id="NeedHelpBtn" class="NeedHelpBtn" target="_blank">Need Help?</a>
                
<div id="NgMspUserAccountMenu" class="UserAccountMenu" >
<a class="UserMenu"></a>
<div class="UserAccountMenuContent">

    
<ul class="MyLinks">
    <li  >
        
    </li>
    <li>
        <a href="http://www.mysupermarket.co.uk/shelf/my_Favourites" id="MyFavourites" linktype="ShelfAjax">My favourites</a>
    </li>
    <li >
        <a href="http://www.mysupermarket.co.uk/shelf/manage_my_price_alerts" id="MyPriceAlert" linktype="ShelfAjax">My price alerts</a>
    </li>
    <li >
        <a href="http://shops.mysupermarket.co.uk/Orders/MyOrders.aspx" id="MyPreviosOrders" linktype="ShelfAjax">My previous orders</a>
    </li>
    <li >
        <a href="http://www.mysupermarket.co.uk/shelf/my_Scans" id="MyScans" linktype="ShelfAjax">My scans</a>
    </li>
    
    <li >
        
    </li>
</ul>
</div>
</div>

<script type="text/javascript">$(function() {
Msp.NgMspUserAccountMenu.init();
});</script>
                <div id="MspMembershipMenuContainer" class="MembershipMenu">
	
    <div id="Anonymouse" class="Anonymouse">
		
        <a id="SignIn" LinkType="Form" FormType="SignIn" href="https://shops.mysupermarket.co.uk/administration/SignIn">Sign In</a>
        <span class="HorizontaolSeperator">|</span>
        <a id="Register" LinkType="Form" FormType="Register" href="https://shops.mysupermarket.co.uk/administration/Register">Register</a>
    
	</div>
    

</div>

                <div class="MobileSearchLink">
                    <a class="MobileSearchIcon" href="javascript:void(0)" linkType="MobileSearchLink"></a>
                </div>
                <div id="MspViewBasket" class="MspViewBasket">
    <span id="MissingItems" linktype="MyCartAjax" class="Notification">!</span>
    <span id="ProductCount" linktype="MyCartAjax" class="ProductCount None">0</span>
    <a href="http://www.mysupermarket.co.uk/Checkout/ReviewCart.aspx?additionaldata=top_menu&shopbasket=True" id="trolleyTotal" class="Text3 trolleyTotal Basket" LinkType="Ajax">
        <span class="Icon"></span>
        
        <span id="ViewBasketLink" class="ViewBasketLink">View</br>Basket</span>
    </a>
    <div id="CartTooltip" class="None"></div>
</div>

<div class="NgMspProductAdded">
    <div class="NgMspProductAddedIndication">
        <div class="ProductAddedWrp">
            <div class="ImageWrp">
                <img class="ProductImage" />
                <div class="QuantityWrp">
                    <span class="AddedAmount"></span>
                </div>
            </div>
            <div class="Name"><span></span></div>
        </div>
        <div class="ProductShopInfo">
            <div class="ShopWrp"><span class="StoreName"></span><span class="Count"></span></div>
            <span class="Total"></span>
            <div class="DeliveryMessage"></div>
            
            <div class="BtnWrp"><a class="Btnlnk CheckoutLink" linktype="Operation">Checkout</a></div>
            <div class="DeliveryMessageFree"></div>
            <div class="SavingsMessage"></div>
            
            
        </div>
    </div>
</div>
<script type="text/javascript">$(function() {
Msp.ProductAdded.Init();
});</script>
            </div>
           
          
            <a href="http://www.mysupermarket.co.uk" id="HeaderLogo" class="HeaderLogo SiteLogo"><p>My<span>Supermarket</span></p></a><a href="http://shops.mysupermarket.co.uk" id="MHSLogo" class="MHSLogo SiteLogo"><p>Shops</p></a>
            
<div class="FindControl">
    <div class="FindWrapper">
        <input name="ctl00$ctl00$ctl00$BodyPlaceHolder$TheListHeader$FindControl1$txtfind" type="text" id="txtfind" class="txtfind" placeholder="Search in boutiques and retailers" />
       
        <button id="btnFind" class="FindButton" data-role="none" data-missimgurl="http://static.mysupermarket.co.uk/Main_7.12.6/Img/ImageUnavailable/w_35.png">
            <div class="MagnifyIcon"></div>
        </button>
    </div>
</div>



<script type="text/javascript">$(function() {
_MSPC.Navigation.List.Find.Init({"ShouldRegister":false, "Host":"shops.mysupermarket.co.uk"});
});</script>
            <div id="MhsDepartmentNavigation" class="MhsDepartmentNavigation">
    

<div class="NgMspDropDownListWrp">
    <div id="NgMspDropDownList" class="NgMspDropDownList MhsDepartmentDropDownList">
        <ul id="TheList" class="TheList"><li><a linktype="Ajax" href="http://shops.mysupermarket.co.uk/department-wine-beer-and-spirits">Wine, Beer & Spirits</a></li><li><a linktype="Ajax" href="http://shops.mysupermarket.co.uk/department-beverages">Beverages</a></li><li><a linktype="Ajax" href="http://shops.mysupermarket.co.uk/department-bakery">Bakery</a></li><li><a linktype="Ajax" href="http://shops.mysupermarket.co.uk/department-confectionery">Confectionery</a></li><li><a linktype="Ajax" href="http://shops.mysupermarket.co.uk/department-meat-fish-and-poultry">Meat, Fish & Poultry</a></li><li><a linktype="Ajax" href="http://shops.mysupermarket.co.uk/department-dairy-and-eggs">Dairy & Eggs</a></li><li><a linktype="Ajax" href="http://shops.mysupermarket.co.uk/department-fruit-and-vegetables">Fruit & Vegetables</a></li><li><a linktype="Ajax" href="http://shops.mysupermarket.co.uk/department-food-cupboard">Food Cupboard</a></li><li><a linktype="Ajax" href="http://shops.mysupermarket.co.uk/department-hampers">Hampers</a></li><li><a linktype="Ajax" href="http://shops.mysupermarket.co.uk/department-beauty">Beauty</a></li><li><a linktype="Ajax" href="http://shops.mysupermarket.co.uk/department-health-and-hygiene">Health & Hygiene</a></li><li><a linktype="Ajax" href="http://shops.mysupermarket.co.uk/department-household">Household</a></li><li><a linktype="Ajax" href="http://shops.mysupermarket.co.uk/department-pets">Pets</a></li><li><a linktype="Ajax" href="http://shops.mysupermarket.co.uk/department-baby">Baby</a></li><li><a linktype="Ajax" href="http://shops.mysupermarket.co.uk/department-gifts">Gifts</a></li><li><a linktype="Ajax" href="http://shops.mysupermarket.co.uk/department-bbq-best">BBQ Best</a></li><li><a linktype="Ajax" href="http://shops.mysupermarket.co.uk/department-cocktail-party">Cocktail Party</a></li><li><a linktype="Ajax" href="http://shops.mysupermarket.co.uk/department-birthday-party">Birthday Party</a></li><li><a linktype="Ajax" href="http://shops.mysupermarket.co.uk/department-weddings">Weddings</a></li><li><a linktype="Ajax" href="http://shops.mysupermarket.co.uk/department-festival-fever">Festival Fever</a></li><li><a linktype="Ajax" href="http://shops.mysupermarket.co.uk/department-back-to-school">Back To School</a></li><li><a linktype="Ajax" href="http://shops.mysupermarket.co.uk/department-best-of-british">Best of British</a></li><li><a linktype="Ajax" href="http://shops.mysupermarket.co.uk/department-baking">Baking</a></li><li><a linktype="Ajax" href="http://shops.mysupermarket.co.uk/department-dinner-party">Dinner Party</a></li><li Class=" CurrentSelected LastItem"><a>Browse</br> Departments</a></li></ul>
        <div class="Triangle"></div>
    </div>
</div><script type="text/javascript">$(function() {
Msp.NgMspDropDownList.Init({"ClassIdentifier":"MhsDepartmentDropDownList","ChangeOnSelect":false});
});</script>
</div>
               <div id="ShoppingListWrp" class="ShoppingList">
    <div class="BtWrp">
          <span class="ShoppingListIcon"></span>
        <span id="button" class="BtText" title="Search for your entire shopping list in 1 go!">Quick Shopping List</span>
     
    </div>
    
    <div id="resizable" class="ui-widget-content None">
        
        <div class="SutTitleIcon"></div>
        <div id="SubTitle">type in your list here and click search</div>
        <div class="ContentWrp">
       <div class="Content InitialState"></div>
    
        </div>
        <div id="ButtonsWrp" class="ButtonNewGeneration  Long Wrp_ContinueButtonLink BtnNewGenRegHeight UseChannelColor">
    <a href="javascript:void(0)" id="BtnNewGenerationInnerLink" target="_self" class="BtnNewGenerationInnerLink ContinueButtonLink"><div class="MainText Alone Text">SEARCH</div></a>
    <div class="Processing"></div>
</div>

    </div>
</div>
<script type="text/javascript">$(function() {
Msp.shoppinglist.Init();
});</script>
            <div style="clear: both">
            </div>
        </div>
   
    </div>
    
    
</div>




    <div id="ColumsLayout3Container" class="ColumsLayout3 NoRightPanel">
	
         
        <div id="ColumsLayout3Body" class="ColumsLayout3Body">
		
            
             
      <div id="ProductCrumbs" class="NgProductCrumbs">
    


<span itemscope="" itemtype="http://data-vocabulary.org/Breadcrumb">
    <a href="http://shops.mysupermarket.co.uk/" id="HomeLink" linktype="ShelfAjax" itemprop="url">
        <span itemprop="title">Home</span>
    </a>
</span>
<span itemscope="" itemtype="http://data-vocabulary.org/Breadcrumb">
    <a href="http://shops.mysupermarket.co.uk/department-gifts" id="HomeLink" linktype="ShelfAjax" itemprop="url">
        <span itemprop="title">Gifts</span>
    </a>
</span></div> 


            <div class="ColumsLayout3Right">
              <div class="ColumsLayout3RightStatic">
                
    


              </div>
              <div id="PiggySavingFixedWrapper" class="PiggySavingFixedWrapper">
                  <div class="PiggyInnerWrapper">
                    <div id="PiggySaving" class="MspPiggySaving"><div class='PiggyWrapper'></div></div>


<script type="text/javascript">$(function() {
Msp.PiggySaving.init({"PigSoundPath":"http://static.mysupermarket.co.uk/Main_7.12.6/Audio/Pig"});
});</script>
                  </div>
              </div>
              
            </div>
            <div class="ColumsLayout3Left">  
                
                <div class="ColumsLayout3LeftBody">
                    <div class="LeftColumn">
      <div id="MhsNavigation" class="MhsNavigation">
    <a href="http://shops.mysupermarket.co.uk" id="lnkShop" linktype="Ajax" class="lnkShop ShopsLogo"><span></span></a>
    <div id="ShopsCategories" class="ShopsCategories NgMspFilterList">
        <div id="FilterTitle" class="FilterTitle"><a linktype="Ajax" href="http://shops.mysupermarket.co.uk/department-gifts" class="Selected">Gifts</a></div>
        <ul>
            <li><a linktype="Ajax" href="http://shops.mysupermarket.co.uk/category-gifts-for-her">Gifts for Her</a></li><li><a linktype="Ajax" href="http://shops.mysupermarket.co.uk/category-gifts-for-him">Gifts for Him</a></li><li><a linktype="Ajax" href="http://shops.mysupermarket.co.uk/category-gifts-for-kids">Gifts for Kids</a></li><li><a linktype="Ajax" href="http://shops.mysupermarket.co.uk/category-gifts-for-foodies">Gifts for Foodies</a></li><li><a linktype="Ajax" href="http://shops.mysupermarket.co.uk/category-gifts-for-drink-connoisseurs">Gifts for Drink Connoisseurs</a></li><li><a linktype="Ajax" href="http://shops.mysupermarket.co.uk/category-gifts-for-pets">Gifts for Pets</a></li><li><a linktype="Ajax" href="http://shops.mysupermarket.co.uk/category-gifts-under-10">Gifts Under &#163;10</a></li><li><a linktype="Ajax" href="http://shops.mysupermarket.co.uk/category-gifts-under-20">Gifts Under &#163;20</a></li><li><a linktype="Ajax" href="http://shops.mysupermarket.co.uk/category-gifts-under-50">Gifts Under &#163;50</a></li><li><a linktype="Ajax" href="http://shops.mysupermarket.co.uk/category-gifts-over-100">Gifts Over &#163;100</a></li>
        </ul>
    </div>
</div>
     
</div>
                    <div class="CenterColumn">
                        <div class="ColumsLayout3Center">
                            
    <div id="TopContent">
        <div id="HubHeader" class="HubHeader HsDepartment gifts">
            <div class="ListHeaderWrp">
                
<!--Start_Content-->
<link rel="stylesheet" type="text/css" href="http://content.mysupermarket.co.uk/Content/MhsDepartment/css/style.css?v=15">
<!--End_Content-->
                <div id="ProductListHeader" class="MspProductListHeader">
    <div class="ListTitleWrap">
        
        <h1 id="ListTitle" Class="">Gifts</h1>
        
        
        <span id="ProductCount" class="ProductCount">(257)</span>
        
        
        
        
        
    </div>
    <div class="ListsContainer">
        
        <div id="SortDropDownListWrp" mouseoverable="true" tooltipcontent="Choose how to sort all the items shown below." boundaries="body" zindex="960" class="NgMspSortDropDownList MspTooltip" yoffset="0" maxwidth="298" delay="1000" clickable="false" direction="TopLeft" useclickinsteadhoveronmobiledevices="false">
    

<div class="NgMspDropDownListWrp">
    <div id="NgMspDropDownList" class="NgMspDropDownList SortDropDownList">
        <ul id="TheList" class="TheList"><li Class=" CurrentSelected"><a><span Class="SortBy">Sort by</span><span Class="SortText">Relevance</span></a></li><li><a linktype="Ajax" href="http://shops.mysupermarket.co.uk/department-gifts?sort=Price"><span Class="SortBy">Sort by</span><span Class="SortText">Price</span></a></li><li><a linktype="Ajax" href="http://shops.mysupermarket.co.uk/department-gifts?sort=PPU"><span Class="SortBy">Sort by</span><span Class="SortText">Price Per Unit</span></a></li><li><a linktype="Ajax" href="http://shops.mysupermarket.co.uk/department-gifts?sort=Popularity"><span Class="SortBy">Sort by</span><span Class="SortText">Popularity</span></a></li><li Class=" LastItem"><a linktype="Ajax" href="http://shops.mysupermarket.co.uk/department-gifts?sort=AZ"><span Class="SortBy">Sort by</span><span Class="SortText">A-Z</span></a></li></ul>
        <div class="Triangle"></div>
    </div>
</div><script type="text/javascript">$(function() {
Msp.NgMspDropDownList.Init({"ClassIdentifier":"SortDropDownList","ChangeOnSelect":true});
});</script>
</div>

    </div>
</div>

                <h2 id="HubSubtitle" class="HubSubtitle">Gifts from independent shops across the UK</h2>
                <div id="MhsNavigation" class="MhsNavigation">
    
    <div id="ShopsCategories" class="ShopsCategories NgMspFilterList">
        
        <ul>
            <li><a linktype="Ajax" href="http://shops.mysupermarket.co.uk/category-gifts-for-her">Gifts for Her</a></li><li><a linktype="Ajax" href="http://shops.mysupermarket.co.uk/category-gifts-for-him">Gifts for Him</a></li><li><a linktype="Ajax" href="http://shops.mysupermarket.co.uk/category-gifts-for-kids">Gifts for Kids</a></li><li><a linktype="Ajax" href="http://shops.mysupermarket.co.uk/category-gifts-for-foodies">Gifts for Foodies</a></li><li><a linktype="Ajax" href="http://shops.mysupermarket.co.uk/category-gifts-for-drink-connoisseurs">Gifts for Drink Connoisseurs</a></li><li><a linktype="Ajax" href="http://shops.mysupermarket.co.uk/category-gifts-for-pets">Gifts for Pets</a></li><li><a linktype="Ajax" href="http://shops.mysupermarket.co.uk/category-gifts-under-10">Gifts Under &#163;10</a></li><li><a linktype="Ajax" href="http://shops.mysupermarket.co.uk/category-gifts-under-20">Gifts Under &#163;20</a></li><li><a linktype="Ajax" href="http://shops.mysupermarket.co.uk/category-gifts-under-50">Gifts Under &#163;50</a></li><li><a linktype="Ajax" href="http://shops.mysupermarket.co.uk/category-gifts-over-100">Gifts Over &#163;100</a></li>
        </ul>
    </div>
</div>
            </div>
       </div>
     <div class="HubContainer">
<div class="MspFeaturedMerchantList">
    <div class="FeaturedMerchantListTitle">
        <span id="MerchantsListTitle">Gifts featured merchants</span>
        <a id="AllLink" linktype="ScrollToMerchantList">View all</a>
    </div>
    <ul id="MerchantsList" class="MerchantsList">
    
<li id="MerchantCell">
    <a id="MerchantLink" linktype="AjaxCloseNavigation" href="http://shops.mysupermarket.co.uk/merchant-pop-kakery/home">
        <div class="ImageWrp">
            <img id="Logo" src="http://images-manager.mysupermarket.co.uk/Merchants/563/Global/LifestyleImage/v0/pop_kakery_lifestyleImage_245.jpg" style="height:152px;width:245px;" />
        </div>
        
 <div class="MerchantDetailsWrp">
        <img id="ProfileImage" class="ProfileImage" src="http://images-manager.mysupermarket.co.uk/Merchants/563/Global/ProfileImage/v0/pop_kakery_profileimage_67.jpg" style="height:65px;width:65px;" />
        
        <div class="MerchantDetails">
            <div id="Name" class="MerchantName">Pop Kakery <span>(9)</span></div>
            <div id="City" class="MerchantLocation">Great Horwood, Bucks</div>
            
            <div id="FreeDelivery" class="MerchantFreeDelivery">Free delivery over <span class=Coin>£</span>50.00</div>
        </div>
    </div></a>
</li><li id="MerchantCell">
    <a id="MerchantLink" linktype="AjaxCloseNavigation" href="http://shops.mysupermarket.co.uk/merchant-english-whisky/home">
        <div class="ImageWrp">
            <img id="Logo" src="http://images-manager.mysupermarket.co.uk/Merchants/528/Global/LifestyleImage/v2/english-whisky_lifestyleImage_245.jpg" style="height:152px;width:245px;" />
        </div>
        
 <div class="MerchantDetailsWrp">
        <img id="ProfileImage" class="ProfileImage" src="http://images-manager.mysupermarket.co.uk/Merchants/528/Global/ProfileImage/v2/english_whisky_profileimage_67.jpg" style="height:65px;width:65px;" />
        
        <div class="MerchantDetails">
            <div id="Name" class="MerchantName">English Whisky <span>(10)</span></div>
            <div id="City" class="MerchantLocation">Norwich</div>
            
            
        </div>
    </div></a>
</li><li id="MerchantCell">
    <a id="MerchantLink" linktype="AjaxCloseNavigation" href="http://shops.mysupermarket.co.uk/merchant-go-coco-drinks/home">
        <div class="ImageWrp">
            <img id="Logo" src="http://images-manager.mysupermarket.co.uk/Merchants/532/Global/LifestyleImage/v2/go-coco-drinks_lifestyleImage_245.jpg" style="height:152px;width:245px;" />
        </div>
        
 <div class="MerchantDetailsWrp">
        <img id="ProfileImage" class="ProfileImage" src="http://images-manager.mysupermarket.co.uk/Merchants/532/Global/ProfileImage/v2/go-coco-drinks_profileimage_67.jpg" style="height:65px;width:65px;" />
        
        <div class="MerchantDetails">
            <div id="Name" class="MerchantName">Go Coco Drinks <span>(2)</span></div>
            <div id="City" class="MerchantLocation">Glasgow</div>
            
            <div id="FreeDelivery" class="MerchantFreeDelivery">Free delivery</div>
        </div>
    </div></a>
</li><li id="MerchantCell">
    <a id="MerchantLink" linktype="AjaxCloseNavigation" href="http://shops.mysupermarket.co.uk/merchant-the-spicery/home">
        <div class="ImageWrp">
            <img id="Logo" src="http://images-manager.mysupermarket.co.uk/Merchants/554/Global/LifestyleImage/v0/the_spicery_lifestyleImage_245.jpg" style="height:152px;width:245px;" />
        </div>
        
 <div class="MerchantDetailsWrp">
        <img id="ProfileImage" class="ProfileImage" src="http://images-manager.mysupermarket.co.uk/Merchants/554/Global/ProfileImage/v1/the_spicery_profileimage_67.jpg" style="height:65px;width:65px;" />
        
        <div class="MerchantDetails">
            <div id="Name" class="MerchantName">The Spicery <span>(4)</span></div>
            <div id="City" class="MerchantLocation">Bristol</div>
            
            <div id="FreeDelivery" class="MerchantFreeDelivery">Free delivery</div>
        </div>
    </div></a>
</li></ul><script type="text/javascript">$(function() {
Msp.NgMspMerchantsList.Init();
});</script>
    </div></div></div>

                        </div>
                        
  
    <div id="ProductListContainer" class="NgMspProductList ShowExpanded" HardRegistration="true" data-missimgurl="http://static.mysupermarket.co.uk/Main_7.12.6/Img/ImageUnavailable/w_74.png" data-storeid="0">
    <ul id="ULProductList0" class="ULProductList">
        <li id="NgMspProductCell" class="NgMspProductCell MHS Expanded" ProductId="72062903" TrackingCode="11.OVZa_zsv7ESYs9K7aA4MNQ" data-cartid="576">
    <div id="NgMspProductCellLabels" class="NgMspProductCellLabels">

 <a href="javascript:void(0)" id="SavingSuggestion" class="Label Action"><span class="LabelText"></span></a>
</div>
    
    
    
    <div class="ImageWrp" LinkType="NgProductPage">
        <img src="http://images-manager.mysupermarket.co.uk/Merchants/576/Products/72062903/v1/king-bloom-tea-party-12x210ml_136.jpg" id="ProductImage" class="ProductImage" alt="King Bloom - Tea Party (12x210ml)" />
        <div id="ViewDetailsbtn" class="ViewDetails"><span>View more details</span></div>
    </div>
    <div class="DetailsWrp">
        
<h3 class="Name"><a href="http://shops.mysupermarket.co.uk/merchant-31dovercom-drinks-delivered/product-72062903" id="ProductPageUrl" mouseoverable="true" tooltipcontent="King Bloom - Tea Party (12x210ml)" boundaries="body" zindex="1500" LinkType="NgProductPage" class="ProductPageUrl MspTooltip" yoffset="0" width="200" delay="1000" maxwidth="298" clickable="false" arrow="true" direction="Right" useclickinsteadhoveronmobiledevices="true"><span class="Prefix">King Bloom - Tea Party </span><span class="Suffix">(12x210ml)</span></a></h3>                
        <div id="NgMspProductCellPrice" class="NgMspProductCellPrice" data-value="24.95">
    <span class="Price"><span class=Coin>£</span>24.95</span>
    
    

    
    <div class="PpuWrp">
    <span id="PPU" class="PPU"><span class="BeforeOffer">99<span class=Penny>p</span></span><span> / </span>100ml</span>
    </div>
    
    
</div>

        <div id="MerchantLinkWrp" class="MerchantLinkWrp">
    <a href="http://shops.mysupermarket.co.uk/merchant-31dovercom-drinks-delivered/home" id="MerchantLink" linktype="AjaxCloseNavigation">by 31DOVER.COM Drinks, Delivered.</a>        
</div>        
        
               
        
        <div id="CtaWrp" class="CtaWrp">  
    <div id="AddToBasketContainer" class="Cta RegularMode" linktype="NgUpdateBasket">
    <div class="SimpleModeWrp">
        <a href="javascript:void(0)" id="AddToBasket" class="Add">Add to basket</a>
    </div>
    <div class="ComplexModeWrp">
        <div id="RemoveBtnWrp" class="RemoveBtnWrp Btn">
            <a href="javascript:void(0)" class="Remove"></a>
        </div>
        <div id="CountAndPriceWrp" class="CountAndPriceWrp">
            <div class="CountAndPriceInnerWrp">
                <span id="Quantity" class="Quantity"></span>
                <span id="Separator" class="Separator">|</span>
                <div id="PriceWrp" class="PriceWrp">
                    <span id="TotalPrice" class="TotalPrice"></span>
                </div>
            </div>
        </div>
        <div id="AddBtnWrp" class="AddBtnWrp Btn">
            <a href="javascript:void(0)" class="Add"></a>
        </div>
    </div>
</div>

     
    
</div>
        
    </div>
    <div class="BasketQuantityWrp">
        <span id="BasketQuantity" class="BasketQuantity"></span>
    </div>
</li><li id="NgMspProductCell" class="NgMspProductCell MHS Expanded" ProductId="72001664" TrackingCode="111.OVZa_zsv7ESYs9K7aA4MNQ" data-cartid="452">
    <div id="NgMspProductCellLabels" class="NgMspProductCellLabels">

 <a href="javascript:void(0)" id="SavingSuggestion" class="Label Action"><span class="LabelText"></span></a>
</div>
    
    
    
    <div class="ImageWrp" LinkType="NgProductPage">
        <img src="http://images-manager.mysupermarket.co.uk/Merchants/452/Products/72001664/v4/10_chocolate_fudge_brownie_pizza_500g_136.jpg" id="ProductImage" class="ProductImage" alt="10&quot; Chocolate Fudge Brownie Pizza (500g)" />
        <div id="ViewDetailsbtn" class="ViewDetails"><span>View more details</span></div>
    </div>
    <div class="DetailsWrp">
        
<h3 class="Name"><a href="http://shops.mysupermarket.co.uk/merchant-hamiltons-chocolates/product-72001664" id="ProductPageUrl" mouseoverable="true" tooltipcontent="10&quot; Chocolate Fudge Brownie Pizza (500g)" boundaries="body" zindex="1500" LinkType="NgProductPage" class="ProductPageUrl MspTooltip" yoffset="0" width="200" delay="1000" maxwidth="298" clickable="false" arrow="true" direction="Right" useclickinsteadhoveronmobiledevices="true"><span class="Prefix">10" Chocolate Fudge Brownie Pizza </span><span class="Suffix">(500g)</span></a></h3>                
        <div id="NgMspProductCellPrice" class="NgMspProductCellPrice" data-value="16.5">
    <span class="Price"><span class=Coin>£</span>16.50</span>
    
    

    
    <div class="PpuWrp">
    <span id="PPU" class="PPU"><span class="BeforeOffer"><span class=Coin>£</span>3.30</span><span> / </span>100g</span>
    </div>
    
    
</div>

        <div id="MerchantLinkWrp" class="MerchantLinkWrp">
    <a href="http://shops.mysupermarket.co.uk/merchant-hamiltons-chocolates/home" id="MerchantLink" linktype="AjaxCloseNavigation">by Hamiltons Chocolates </a>        
</div>        
        
               
        
        <div id="CtaWrp" class="CtaWrp">  
    <div id="AddToBasketContainer" class="Cta RegularMode" linktype="NgUpdateBasket">
    <div class="SimpleModeWrp">
        <a href="javascript:void(0)" id="AddToBasket" class="Add">Add to basket</a>
    </div>
    <div class="ComplexModeWrp">
        <div id="RemoveBtnWrp" class="RemoveBtnWrp Btn">
            <a href="javascript:void(0)" class="Remove"></a>
        </div>
        <div id="CountAndPriceWrp" class="CountAndPriceWrp">
            <div class="CountAndPriceInnerWrp">
                <span id="Quantity" class="Quantity"></span>
                <span id="Separator" class="Separator">|</span>
                <div id="PriceWrp" class="PriceWrp">
                    <span id="TotalPrice" class="TotalPrice"></span>
                </div>
            </div>
        </div>
        <div id="AddBtnWrp" class="AddBtnWrp Btn">
            <a href="javascript:void(0)" class="Add"></a>
        </div>
    </div>
</div>

     
    
</div>
        
    </div>
    <div class="BasketQuantityWrp">
        <span id="BasketQuantity" class="BasketQuantity"></span>
    </div>
</li><li id="NgMspProductCell" class="NgMspProductCell MHS Expanded" ProductId="72063694" TrackingCode="211.OVZa_zsv7ESYs9K7aA4MNQ" data-cartid="599">
    <div id="NgMspProductCellLabels" class="NgMspProductCellLabels">

 <a href="javascript:void(0)" id="SavingSuggestion" class="Label Action"><span class="LabelText"></span></a>
</div>
    
    
    
    <div class="ImageWrp" LinkType="NgProductPage">
        <img src="http://images-manager.mysupermarket.co.uk/Merchants/599/Products/72063694/v0/10-moroccan-spices_136.jpg" id="ProductImage" class="ProductImage" alt="10 Moroccan Spices (150g)" />
        <div id="ViewDetailsbtn" class="ViewDetails"><span>View more details</span></div>
    </div>
    <div class="DetailsWrp">
        
<h3 class="Name"><a href="http://shops.mysupermarket.co.uk/merchant-spice-kitchen/product-72063694" id="ProductPageUrl" mouseoverable="true" tooltipcontent="10 Moroccan Spices (150g)" boundaries="body" zindex="1500" LinkType="NgProductPage" class="ProductPageUrl MspTooltip" yoffset="0" width="200" delay="1000" maxwidth="298" clickable="false" arrow="true" direction="Right" useclickinsteadhoveronmobiledevices="true"><span class="Prefix">10 Moroccan Spices </span><span class="Suffix">(150g)</span></a></h3>                
        <div id="NgMspProductCellPrice" class="NgMspProductCellPrice FreeDeliveryLabel" data-value="9.95">
    <span class="Price"><span class=Coin>£</span>9.95</span>
    
    

    
    <div class="PpuWrp">
    <span id="PPU" class="PPU"><span class="BeforeOffer"><span class=Coin>£</span>6.63</span><span> / </span>100g</span>
    </div>
    
    
</div>

        <div id="MerchantLinkWrp" class="MerchantLinkWrp">
    <a href="http://shops.mysupermarket.co.uk/merchant-spice-kitchen/home" id="MerchantLink" linktype="AjaxCloseNavigation">by Spice Kitchen</a>        
</div>        
        
               
        
        <div id="CtaWrp" class="CtaWrp">  
    <div id="AddToBasketContainer" class="Cta RegularMode" linktype="NgUpdateBasket">
    <div class="SimpleModeWrp">
        <a href="javascript:void(0)" id="AddToBasket" class="Add">Add to basket</a>
    </div>
    <div class="ComplexModeWrp">
        <div id="RemoveBtnWrp" class="RemoveBtnWrp Btn">
            <a href="javascript:void(0)" class="Remove"></a>
        </div>
        <div id="CountAndPriceWrp" class="CountAndPriceWrp">
            <div class="CountAndPriceInnerWrp">
                <span id="Quantity" class="Quantity"></span>
                <span id="Separator" class="Separator">|</span>
                <div id="PriceWrp" class="PriceWrp">
                    <span id="TotalPrice" class="TotalPrice"></span>
                </div>
            </div>
        </div>
        <div id="AddBtnWrp" class="AddBtnWrp Btn">
            <a href="javascript:void(0)" class="Add"></a>
        </div>
    </div>
</div>

     
    
</div>
        
    </div>
    <div class="BasketQuantityWrp">
        <span id="BasketQuantity" class="BasketQuantity"></span>
    </div>
</li><li id="NgMspProductCell" class="NgMspProductCell MHS Expanded" ProductId="72064097" TrackingCode="311.OVZa_zsv7ESYs9K7aA4MNQ" data-cartid="593">
    <div id="NgMspProductCellLabels" class="NgMspProductCellLabels">

 <a href="javascript:void(0)" id="SavingSuggestion" class="Label Action"><span class="LabelText"></span></a>
</div>
    
    
    
    <div class="ImageWrp" LinkType="NgProductPage">
        <img src="http://images-manager.mysupermarket.co.uk/Merchants/593/Products/72064097/v0/80s-kid-gift-box_136.jpg" id="ProductImage" class="ProductImage" alt="80s Kid Gift Box" />
        <div id="ViewDetailsbtn" class="ViewDetails"><span>View more details</span></div>
    </div>
    <div class="DetailsWrp">
        
<h3 class="Name"><a href="http://shops.mysupermarket.co.uk/merchant-funky-hampers/product-72064097" id="ProductPageUrl" mouseoverable="true" tooltipcontent="80s Kid Gift Box" boundaries="body" zindex="1500" LinkType="NgProductPage" class="ProductPageUrl MspTooltip" yoffset="0" width="200" delay="1000" maxwidth="298" clickable="false" arrow="true" direction="Right" useclickinsteadhoveronmobiledevices="true"><span class="Prefix">80s Kid Gift Box</span><span class="Suffix"></span></a></h3>                
        <div id="NgMspProductCellPrice" class="NgMspProductCellPrice" data-value="24.95">
    <span class="Price"><span class=Coin>£</span>24.95</span>
    
    

    
    <div class="PpuWrp">
    <span id="PPU" class="PPU"><span class="BeforeOffer"><span class=Coin>£</span>24.95</span><span> / </span>each</span>
    </div>
    
    
</div>

        <div id="MerchantLinkWrp" class="MerchantLinkWrp">
    <a href="http://shops.mysupermarket.co.uk/merchant-funky-hampers/home" id="MerchantLink" linktype="AjaxCloseNavigation">by Funky Hampers</a>        
</div>        
        
               
        
        <div id="CtaWrp" class="CtaWrp">  
    <div id="AddToBasketContainer" class="Cta RegularMode" linktype="NgUpdateBasket">
    <div class="SimpleModeWrp">
        <a href="javascript:void(0)" id="AddToBasket" class="Add">Add to basket</a>
    </div>
    <div class="ComplexModeWrp">
        <div id="RemoveBtnWrp" class="RemoveBtnWrp Btn">
            <a href="javascript:void(0)" class="Remove"></a>
        </div>
        <div id="CountAndPriceWrp" class="CountAndPriceWrp">
            <div class="CountAndPriceInnerWrp">
                <span id="Quantity" class="Quantity"></span>
                <span id="Separator" class="Separator">|</span>
                <div id="PriceWrp" class="PriceWrp">
                    <span id="TotalPrice" class="TotalPrice"></span>
                </div>
            </div>
        </div>
        <div id="AddBtnWrp" class="AddBtnWrp Btn">
            <a href="javascript:void(0)" class="Add"></a>
        </div>
    </div>
</div>

     
    
</div>
        
    </div>
    <div class="BasketQuantityWrp">
        <span id="BasketQuantity" class="BasketQuantity"></span>
    </div>
</li><li id="NgMspProductCell" class="NgMspProductCell MHS Expanded" ProductId="72025685" TrackingCode="411.OVZa_zsv7ESYs9K7aA4MNQ" data-cartid="508">
    <div id="NgMspProductCellLabels" class="NgMspProductCellLabels">

 <a href="javascript:void(0)" id="SavingSuggestion" class="Label Action"><span class="LabelText"></span></a>
</div>
    
    
    
    <div class="ImageWrp" LinkType="NgProductPage">
        <img src="http://images-manager.mysupermarket.co.uk/Merchants/508/Products/72025685/v1/ringtons_milk_chocolate_mallows_10_136.jpg" id="ProductImage" class="ProductImage" alt="Ringtons Milk Chocolate Mallows (10)" />
        <div id="ViewDetailsbtn" class="ViewDetails"><span>View more details</span></div>
    </div>
    <div class="DetailsWrp">
        
<h3 class="Name"><a href="http://shops.mysupermarket.co.uk/merchant-ringtons/product-72025685" id="ProductPageUrl" mouseoverable="true" tooltipcontent="Ringtons Milk Chocolate Mallows (10)" boundaries="body" zindex="1500" LinkType="NgProductPage" class="ProductPageUrl MspTooltip" yoffset="0" width="200" delay="1000" maxwidth="298" clickable="false" arrow="true" direction="Right" useclickinsteadhoveronmobiledevices="true"><span class="Prefix">Ringtons Milk Chocolate Mallows </span><span class="Suffix">(10)</span></a></h3>                
        <div id="NgMspProductCellPrice" class="NgMspProductCellPrice" data-value="2.3">
    <span class="Price"><span class=Coin>£</span>2.30</span>
    
    

    
    <div class="PpuWrp">
    <span id="PPU" class="PPU"><span class="BeforeOffer">23<span class=Penny>p</span></span><span> / </span>each</span>
    </div>
    
    
</div>

        <div id="MerchantLinkWrp" class="MerchantLinkWrp">
    <a href="http://shops.mysupermarket.co.uk/merchant-ringtons/home" id="MerchantLink" linktype="AjaxCloseNavigation">by Ringtons</a>        
</div>        
        
               
        
        <div id="CtaWrp" class="CtaWrp">  
    <div id="AddToBasketContainer" class="Cta RegularMode" linktype="NgUpdateBasket">
    <div class="SimpleModeWrp">
        <a href="javascript:void(0)" id="AddToBasket" class="Add">Add to basket</a>
    </div>
    <div class="ComplexModeWrp">
        <div id="RemoveBtnWrp" class="RemoveBtnWrp Btn">
            <a href="javascript:void(0)" class="Remove"></a>
        </div>
        <div id="CountAndPriceWrp" class="CountAndPriceWrp">
            <div class="CountAndPriceInnerWrp">
                <span id="Quantity" class="Quantity"></span>
                <span id="Separator" class="Separator">|</span>
                <div id="PriceWrp" class="PriceWrp">
                    <span id="TotalPrice" class="TotalPrice"></span>
                </div>
            </div>
        </div>
        <div id="AddBtnWrp" class="AddBtnWrp Btn">
            <a href="javascript:void(0)" class="Add"></a>
        </div>
    </div>
</div>

     
    
</div>
        
    </div>
    <div class="BasketQuantityWrp">
        <span id="BasketQuantity" class="BasketQuantity"></span>
    </div>
</li><li id="NgMspProductCell" class="NgMspProductCell MHS Expanded" ProductId="72027284" TrackingCode="511.OVZa_zsv7ESYs9K7aA4MNQ" data-cartid="515">
    <div id="NgMspProductCellLabels" class="NgMspProductCellLabels">

 <a href="javascript:void(0)" id="SavingSuggestion" class="Label Action"><span class="LabelText"></span></a>
</div>
    
    
    
    <div class="ImageWrp" LinkType="NgProductPage">
        <img src="http://images-manager.mysupermarket.co.uk/Merchants/515/Products/72027284/v1/100_pure_lavender_essential_oil_for_fragrance_massage_and_bathing_2x10ml_136.jpg" id="ProductImage" class="ProductImage" alt="100% Pure Lavender Essential Oil - For Fragrance, Massage &amp; Bathing (2x10ml)" />
        <div id="ViewDetailsbtn" class="ViewDetails"><span>View more details</span></div>
    </div>
    <div class="DetailsWrp">
        
<h3 class="Name"><a href="http://shops.mysupermarket.co.uk/merchant-simply-supplements/product-72027284" id="ProductPageUrl" mouseoverable="true" tooltipcontent="100% Pure Lavender Essential Oil - For Fragrance, Massage &amp; Bathing (2x10ml)" boundaries="body" zindex="1500" LinkType="NgProductPage" class="ProductPageUrl MspTooltip" yoffset="0" width="200" delay="1000" maxwidth="298" clickable="false" arrow="true" direction="Right" useclickinsteadhoveronmobiledevices="true"><span class="Prefix">100% Pure Lavender Essential Oil - For Fragrance, Massage & Bathing </span><span class="Suffix">(2x10ml)</span></a></h3>                
        <div id="NgMspProductCellPrice" class="NgMspProductCellPrice FreeDeliveryLabel" data-value="5.99">
    <span class="Price"><span class=Coin>£</span>5.99</span>
    
    

    
    <div class="PpuWrp">
    <span id="PPU" class="PPU"><span class="BeforeOffer"><span class=Coin>£</span>29.95</span><span> / </span>100ml</span>
    </div>
    
    
</div>

        <div id="MerchantLinkWrp" class="MerchantLinkWrp">
    <a href="http://shops.mysupermarket.co.uk/merchant-simply-supplements/home" id="MerchantLink" linktype="AjaxCloseNavigation">by Simply Supplements</a>        
</div>        
        
               
        
        <div id="CtaWrp" class="CtaWrp">  
    <div id="AddToBasketContainer" class="Cta RegularMode" linktype="NgUpdateBasket">
    <div class="SimpleModeWrp">
        <a href="javascript:void(0)" id="AddToBasket" class="Add">Add to basket</a>
    </div>
    <div class="ComplexModeWrp">
        <div id="RemoveBtnWrp" class="RemoveBtnWrp Btn">
            <a href="javascript:void(0)" class="Remove"></a>
        </div>
        <div id="CountAndPriceWrp" class="CountAndPriceWrp">
            <div class="CountAndPriceInnerWrp">
                <span id="Quantity" class="Quantity"></span>
                <span id="Separator" class="Separator">|</span>
                <div id="PriceWrp" class="PriceWrp">
                    <span id="TotalPrice" class="TotalPrice"></span>
                </div>
            </div>
        </div>
        <div id="AddBtnWrp" class="AddBtnWrp Btn">
            <a href="javascript:void(0)" class="Add"></a>
        </div>
    </div>
</div>

     
    
</div>
        
    </div>
    <div class="BasketQuantityWrp">
        <span id="BasketQuantity" class="BasketQuantity"></span>
    </div>
</li><li id="NgMspProductCell" class="NgMspProductCell MHS Expanded" ProductId="72038604" TrackingCode="611.OVZa_zsv7ESYs9K7aA4MNQ" data-cartid="439">
    <div id="NgMspProductCellLabels" class="NgMspProductCellLabels">

 <a href="javascript:void(0)" id="SavingSuggestion" class="Label Action"><span class="LabelText"></span></a>
</div>
    
    
    
    <div class="ImageWrp" LinkType="NgProductPage">
        <img src="http://images-manager.mysupermarket.co.uk/Merchants/439/Products/72038604/v1/organic_italian_chardonnay_igt_tuscan_750ml_136.jpg" id="ProductImage" class="ProductImage" alt="Organic Italian Chardonnay IGT Tuscan (750ml)" />
        <div id="ViewDetailsbtn" class="ViewDetails"><span>View more details</span></div>
    </div>
    <div class="DetailsWrp">
        
<h3 class="Name"><a href="http://shops.mysupermarket.co.uk/merchant-vorrei/product-72038604" id="ProductPageUrl" mouseoverable="true" tooltipcontent="Organic Italian Chardonnay IGT Tuscan (750ml)" boundaries="body" zindex="1500" LinkType="NgProductPage" class="ProductPageUrl MspTooltip" yoffset="0" width="200" delay="1000" maxwidth="298" clickable="false" arrow="true" direction="Right" useclickinsteadhoveronmobiledevices="true"><span class="Prefix">Organic Italian Chardonnay IGT Tuscan </span><span class="Suffix">(750ml)</span></a></h3>                
        <div id="NgMspProductCellPrice" class="NgMspProductCellPrice FreeDeliveryLabel" data-value="16.5">
    <span class="Price"><span class=Coin>£</span>16.50</span>
    
    

    
    <div class="PpuWrp">
    <span id="PPU" class="PPU"><span class="BeforeOffer"><span class=Coin>£</span>2.20</span><span> / </span>100ml</span>
    </div>
    
    
</div>

        <div id="MerchantLinkWrp" class="MerchantLinkWrp">
    <a href="http://shops.mysupermarket.co.uk/merchant-vorrei/home" id="MerchantLink" linktype="AjaxCloseNavigation">by Vorrei</a>        
</div>        
        
               
        
        <div id="CtaWrp" class="CtaWrp">  
    <div id="AddToBasketContainer" class="Cta RegularMode" linktype="NgUpdateBasket">
    <div class="SimpleModeWrp">
        <a href="javascript:void(0)" id="AddToBasket" class="Add">Add to basket</a>
    </div>
    <div class="ComplexModeWrp">
        <div id="RemoveBtnWrp" class="RemoveBtnWrp Btn">
            <a href="javascript:void(0)" class="Remove"></a>
        </div>
        <div id="CountAndPriceWrp" class="CountAndPriceWrp">
            <div class="CountAndPriceInnerWrp">
                <span id="Quantity" class="Quantity"></span>
                <span id="Separator" class="Separator">|</span>
                <div id="PriceWrp" class="PriceWrp">
                    <span id="TotalPrice" class="TotalPrice"></span>
                </div>
            </div>
        </div>
        <div id="AddBtnWrp" class="AddBtnWrp Btn">
            <a href="javascript:void(0)" class="Add"></a>
        </div>
    </div>
</div>

     
    
</div>
        
    </div>
    <div class="BasketQuantityWrp">
        <span id="BasketQuantity" class="BasketQuantity"></span>
    </div>
</li><li id="NgMspProductCell" class="NgMspProductCell MHS Expanded" ProductId="72064073" TrackingCode="711.OVZa_zsv7ESYs9K7aA4MNQ" data-cartid="593">
    <div id="NgMspProductCellLabels" class="NgMspProductCellLabels">

 <a href="javascript:void(0)" id="SavingSuggestion" class="Label Action"><span class="LabelText"></span></a>
</div>
    
    
    
    <div class="ImageWrp" LinkType="NgProductPage">
        <img src="http://images-manager.mysupermarket.co.uk/Merchants/593/Products/72064073/v0/birthday-candle-gift-box_136.jpg" id="ProductImage" class="ProductImage" alt="Birthday Candle Gift Box" />
        <div id="ViewDetailsbtn" class="ViewDetails"><span>View more details</span></div>
    </div>
    <div class="DetailsWrp">
        
<h3 class="Name"><a href="http://shops.mysupermarket.co.uk/merchant-funky-hampers/product-72064073" id="ProductPageUrl" mouseoverable="true" tooltipcontent="Birthday Candle Gift Box" boundaries="body" zindex="1500" LinkType="NgProductPage" class="ProductPageUrl MspTooltip" yoffset="0" width="200" delay="1000" maxwidth="298" clickable="false" arrow="true" direction="Right" useclickinsteadhoveronmobiledevices="true"><span class="Prefix">Birthday Candle Gift Box</span><span class="Suffix"></span></a></h3>                
        <div id="NgMspProductCellPrice" class="NgMspProductCellPrice" data-value="14.99">
    <span class="Price"><span class=Coin>£</span>14.99</span>
    
    

    
    <div class="PpuWrp">
    <span id="PPU" class="PPU"><span class="BeforeOffer"><span class=Coin>£</span>14.99</span><span> / </span>each</span>
    </div>
    
    
</div>

        <div id="MerchantLinkWrp" class="MerchantLinkWrp">
    <a href="http://shops.mysupermarket.co.uk/merchant-funky-hampers/home" id="MerchantLink" linktype="AjaxCloseNavigation">by Funky Hampers</a>        
</div>        
        
               
        
        <div id="CtaWrp" class="CtaWrp">  
    <div id="AddToBasketContainer" class="Cta RegularMode" linktype="NgUpdateBasket">
    <div class="SimpleModeWrp">
        <a href="javascript:void(0)" id="AddToBasket" class="Add">Add to basket</a>
    </div>
    <div class="ComplexModeWrp">
        <div id="RemoveBtnWrp" class="RemoveBtnWrp Btn">
            <a href="javascript:void(0)" class="Remove"></a>
        </div>
        <div id="CountAndPriceWrp" class="CountAndPriceWrp">
            <div class="CountAndPriceInnerWrp">
                <span id="Quantity" class="Quantity"></span>
                <span id="Separator" class="Separator">|</span>
                <div id="PriceWrp" class="PriceWrp">
                    <span id="TotalPrice" class="TotalPrice"></span>
                </div>
            </div>
        </div>
        <div id="AddBtnWrp" class="AddBtnWrp Btn">
            <a href="javascript:void(0)" class="Add"></a>
        </div>
    </div>
</div>

     
    
</div>
        
    </div>
    <div class="BasketQuantityWrp">
        <span id="BasketQuantity" class="BasketQuantity"></span>
    </div>
</li><li id="NgMspProductCell" class="NgMspProductCell MHS Expanded" ProductId="72062611" TrackingCode="811.OVZa_zsv7ESYs9K7aA4MNQ" data-cartid="576">
    <div id="NgMspProductCellLabels" class="NgMspProductCellLabels">

 <a href="javascript:void(0)" id="SavingSuggestion" class="Label Action"><span class="LabelText"></span></a>
</div>
    
    
    
    <div class="ImageWrp" LinkType="NgProductPage">
        <img src="http://images-manager.mysupermarket.co.uk/Merchants/576/Products/72062611/v1/monkey-47-dry-gin-500ml_136.jpg" id="ProductImage" class="ProductImage" alt="Monkey 47 Dry Gin (500ml)" />
        <div id="ViewDetailsbtn" class="ViewDetails"><span>View more details</span></div>
    </div>
    <div class="DetailsWrp">
        
<h3 class="Name"><a href="http://shops.mysupermarket.co.uk/merchant-31dovercom-drinks-delivered/product-72062611" id="ProductPageUrl" mouseoverable="true" tooltipcontent="Monkey 47 Dry Gin (500ml)" boundaries="body" zindex="1500" LinkType="NgProductPage" class="ProductPageUrl MspTooltip" yoffset="0" width="200" delay="1000" maxwidth="298" clickable="false" arrow="true" direction="Right" useclickinsteadhoveronmobiledevices="true"><span class="Prefix">Monkey 47 Dry Gin </span><span class="Suffix">(500ml)</span></a></h3>                
        <div id="NgMspProductCellPrice" class="NgMspProductCellPrice" data-value="37.95">
    <span class="Price"><span class=Coin>£</span>37.95</span>
    
    

    
    <div class="PpuWrp">
    <span id="PPU" class="PPU"><span class="BeforeOffer"><span class=Coin>£</span>7.59</span><span> / </span>100ml</span>
    </div>
    
    
</div>

        <div id="MerchantLinkWrp" class="MerchantLinkWrp">
    <a href="http://shops.mysupermarket.co.uk/merchant-31dovercom-drinks-delivered/home" id="MerchantLink" linktype="AjaxCloseNavigation">by 31DOVER.COM Drinks, Delivered.</a>        
</div>        
        
               
        
        <div id="CtaWrp" class="CtaWrp">  
    <div id="AddToBasketContainer" class="Cta RegularMode" linktype="NgUpdateBasket">
    <div class="SimpleModeWrp">
        <a href="javascript:void(0)" id="AddToBasket" class="Add">Add to basket</a>
    </div>
    <div class="ComplexModeWrp">
        <div id="RemoveBtnWrp" class="RemoveBtnWrp Btn">
            <a href="javascript:void(0)" class="Remove"></a>
        </div>
        <div id="CountAndPriceWrp" class="CountAndPriceWrp">
            <div class="CountAndPriceInnerWrp">
                <span id="Quantity" class="Quantity"></span>
                <span id="Separator" class="Separator">|</span>
                <div id="PriceWrp" class="PriceWrp">
                    <span id="TotalPrice" class="TotalPrice"></span>
                </div>
            </div>
        </div>
        <div id="AddBtnWrp" class="AddBtnWrp Btn">
            <a href="javascript:void(0)" class="Add"></a>
        </div>
    </div>
</div>

     
    
</div>
        
    </div>
    <div class="BasketQuantityWrp">
        <span id="BasketQuantity" class="BasketQuantity"></span>
    </div>
</li><li id="NgMspProductCell" class="NgMspProductCell MHS Expanded" ProductId="72064359" TrackingCode="911.OVZa_zsv7ESYs9K7aA4MNQ" data-cartid="458">
    <div id="NgMspProductCellLabels" class="NgMspProductCellLabels">

 <a href="javascript:void(0)" id="SavingSuggestion" class="Label Action"><span class="LabelText"></span></a>
</div>
    
    
    
    <div class="ImageWrp" LinkType="NgProductPage">
        <img src="http://images-manager.mysupermarket.co.uk/Merchants/458/Products/72064359/v0/british-cider-selection-box_136.jpg" id="ProductImage" class="ProductImage" alt="British Cider Selection Box (12x500ml)" />
        <div id="ViewDetailsbtn" class="ViewDetails"><span>View more details</span></div>
    </div>
    <div class="DetailsWrp">
        
<h3 class="Name"><a href="http://shops.mysupermarket.co.uk/merchant-best-of-british-beer/product-72064359" id="ProductPageUrl" mouseoverable="true" tooltipcontent="British Cider Selection Box (12x500ml)" boundaries="body" zindex="1500" LinkType="NgProductPage" class="ProductPageUrl MspTooltip" yoffset="0" width="200" delay="1000" maxwidth="298" clickable="false" arrow="true" direction="Right" useclickinsteadhoveronmobiledevices="true"><span class="Prefix">British Cider Selection Box </span><span class="Suffix">(12x500ml)</span></a></h3>                
        <div id="NgMspProductCellPrice" class="NgMspProductCellPrice" data-value="35.99">
    <span class="Price"><span class=Coin>£</span>35.99</span>
    
    

    
    <div class="PpuWrp">
    <span id="PPU" class="PPU"><span class="BeforeOffer">60<span class=Penny>p</span></span><span> / </span>100ml</span>
    </div>
    
    
</div>

        <div id="MerchantLinkWrp" class="MerchantLinkWrp">
    <a href="http://shops.mysupermarket.co.uk/merchant-best-of-british-beer/home" id="MerchantLink" linktype="AjaxCloseNavigation">by Best of British Beer</a>        
</div>        
        
               
        
        <div id="CtaWrp" class="CtaWrp">  
    <div id="AddToBasketContainer" class="Cta RegularMode" linktype="NgUpdateBasket">
    <div class="SimpleModeWrp">
        <a href="javascript:void(0)" id="AddToBasket" class="Add">Add to basket</a>
    </div>
    <div class="ComplexModeWrp">
        <div id="RemoveBtnWrp" class="RemoveBtnWrp Btn">
            <a href="javascript:void(0)" class="Remove"></a>
        </div>
        <div id="CountAndPriceWrp" class="CountAndPriceWrp">
            <div class="CountAndPriceInnerWrp">
                <span id="Quantity" class="Quantity"></span>
                <span id="Separator" class="Separator">|</span>
                <div id="PriceWrp" class="PriceWrp">
                    <span id="TotalPrice" class="TotalPrice"></span>
                </div>
            </div>
        </div>
        <div id="AddBtnWrp" class="AddBtnWrp Btn">
            <a href="javascript:void(0)" class="Add"></a>
        </div>
    </div>
</div>

     
    
</div>
        
    </div>
    <div class="BasketQuantityWrp">
        <span id="BasketQuantity" class="BasketQuantity"></span>
    </div>
</li><li id="NgMspProductCell" class="NgMspProductCell MHS Expanded" ProductId="72063682" TrackingCode="1011.OVZa_zsv7ESYs9K7aA4MNQ" data-cartid="599">
    <div id="NgMspProductCellLabels" class="NgMspProductCellLabels">

 <a href="javascript:void(0)" id="SavingSuggestion" class="Label Action"><span class="LabelText"></span></a>
</div>
    
    
    
    <div class="ImageWrp" LinkType="NgProductPage">
        <img src="http://images-manager.mysupermarket.co.uk/Merchants/599/Products/72063682/v0/indian-spice-tin_136.jpg" id="ProductImage" class="ProductImage" alt="Indian Spice Tin (1kg)" />
        <div id="ViewDetailsbtn" class="ViewDetails"><span>View more details</span></div>
    </div>
    <div class="DetailsWrp">
        
<h3 class="Name"><a href="http://shops.mysupermarket.co.uk/merchant-spice-kitchen/product-72063682" id="ProductPageUrl" mouseoverable="true" tooltipcontent="Indian Spice Tin (1kg)" boundaries="body" zindex="1500" LinkType="NgProductPage" class="ProductPageUrl MspTooltip" yoffset="0" width="200" delay="1000" maxwidth="298" clickable="false" arrow="true" direction="Right" useclickinsteadhoveronmobiledevices="true"><span class="Prefix">Indian Spice Tin </span><span class="Suffix">(1kg)</span></a></h3>                
        <div id="NgMspProductCellPrice" class="NgMspProductCellPrice FreeDeliveryLabel" data-value="19.95">
    <span class="Price"><span class=Coin>£</span>19.95</span>
    
    

    
    <div class="PpuWrp">
    <span id="PPU" class="PPU"><span class="BeforeOffer"><span class=Coin>£</span>2.00</span><span> / </span>100g</span>
    </div>
    
    
</div>

        <div id="MerchantLinkWrp" class="MerchantLinkWrp">
    <a href="http://shops.mysupermarket.co.uk/merchant-spice-kitchen/home" id="MerchantLink" linktype="AjaxCloseNavigation">by Spice Kitchen</a>        
</div>        
        
               
        
        <div id="CtaWrp" class="CtaWrp">  
    <div id="AddToBasketContainer" class="Cta RegularMode" linktype="NgUpdateBasket">
    <div class="SimpleModeWrp">
        <a href="javascript:void(0)" id="AddToBasket" class="Add">Add to basket</a>
    </div>
    <div class="ComplexModeWrp">
        <div id="RemoveBtnWrp" class="RemoveBtnWrp Btn">
            <a href="javascript:void(0)" class="Remove"></a>
        </div>
        <div id="CountAndPriceWrp" class="CountAndPriceWrp">
            <div class="CountAndPriceInnerWrp">
                <span id="Quantity" class="Quantity"></span>
                <span id="Separator" class="Separator">|</span>
                <div id="PriceWrp" class="PriceWrp">
                    <span id="TotalPrice" class="TotalPrice"></span>
                </div>
            </div>
        </div>
        <div id="AddBtnWrp" class="AddBtnWrp Btn">
            <a href="javascript:void(0)" class="Add"></a>
        </div>
    </div>
</div>

     
    
</div>
        
    </div>
    <div class="BasketQuantityWrp">
        <span id="BasketQuantity" class="BasketQuantity"></span>
    </div>
</li><li id="NgMspProductCell" class="NgMspProductCell MHS Expanded" ProductId="72038874" TrackingCode="1111.OVZa_zsv7ESYs9K7aA4MNQ" data-cartid="508">
    <div id="NgMspProductCellLabels" class="NgMspProductCellLabels">

 <a href="javascript:void(0)" id="SavingSuggestion" class="Label Action"><span class="LabelText"></span></a>
</div>
    
    
    
    <div class="ImageWrp" LinkType="NgProductPage">
        <img src="http://images-manager.mysupermarket.co.uk/Merchants/508/Products/72038874/v1/6_cup_stove_top_espresso_maker_136.jpg" id="ProductImage" class="ProductImage" alt="6 Cup Stove Top Espresso Maker" />
        <div id="ViewDetailsbtn" class="ViewDetails"><span>View more details</span></div>
    </div>
    <div class="DetailsWrp">
        
<h3 class="Name"><a href="http://shops.mysupermarket.co.uk/merchant-ringtons/product-72038874" id="ProductPageUrl" mouseoverable="true" tooltipcontent="6 Cup Stove Top Espresso Maker" boundaries="body" zindex="1500" LinkType="NgProductPage" class="ProductPageUrl MspTooltip" yoffset="0" width="200" delay="1000" maxwidth="298" clickable="false" arrow="true" direction="Right" useclickinsteadhoveronmobiledevices="true"><span class="Prefix">6 Cup Stove Top Espresso Maker</span><span class="Suffix"></span></a></h3>                
        <div id="NgMspProductCellPrice" class="NgMspProductCellPrice FreeDeliveryLabel" data-value="29.35">
    <span class="Price"><span class=Coin>£</span>29.35</span>
    
    

    
    <div class="PpuWrp">
    <span id="PPU" class="PPU"><span class="BeforeOffer"><span class=Coin>£</span>29.35</span><span> / </span>each</span>
    </div>
    
    
</div>

        <div id="MerchantLinkWrp" class="MerchantLinkWrp">
    <a href="http://shops.mysupermarket.co.uk/merchant-ringtons/home" id="MerchantLink" linktype="AjaxCloseNavigation">by Ringtons</a>        
</div>        
        
               
        
        <div id="CtaWrp" class="CtaWrp">  
    <div id="AddToBasketContainer" class="Cta RegularMode" linktype="NgUpdateBasket">
    <div class="SimpleModeWrp">
        <a href="javascript:void(0)" id="AddToBasket" class="Add">Add to basket</a>
    </div>
    <div class="ComplexModeWrp">
        <div id="RemoveBtnWrp" class="RemoveBtnWrp Btn">
            <a href="javascript:void(0)" class="Remove"></a>
        </div>
        <div id="CountAndPriceWrp" class="CountAndPriceWrp">
            <div class="CountAndPriceInnerWrp">
                <span id="Quantity" class="Quantity"></span>
                <span id="Separator" class="Separator">|</span>
                <div id="PriceWrp" class="PriceWrp">
                    <span id="TotalPrice" class="TotalPrice"></span>
                </div>
            </div>
        </div>
        <div id="AddBtnWrp" class="AddBtnWrp Btn">
            <a href="javascript:void(0)" class="Add"></a>
        </div>
    </div>
</div>

     
    
</div>
        
    </div>
    <div class="BasketQuantityWrp">
        <span id="BasketQuantity" class="BasketQuantity"></span>
    </div>
</li><li id="NgMspProductCell" class="NgMspProductCell MHS Expanded" ProductId="72064082" TrackingCode="1211.OVZa_zsv7ESYs9K7aA4MNQ" data-cartid="593">
    <div id="NgMspProductCellLabels" class="NgMspProductCellLabels">

 <a href="javascript:void(0)" id="SavingSuggestion" class="Label Action"><span class="LabelText"></span></a>
</div>
    
    
    
    <div class="ImageWrp" LinkType="NgProductPage">
        <img src="http://images-manager.mysupermarket.co.uk/Merchants/593/Products/72064082/v0/basket-of-hand-made-chocolates-1kg_136.jpg" id="ProductImage" class="ProductImage" alt="Basket of Hand Made Chocolates (1Kg)" />
        <div id="ViewDetailsbtn" class="ViewDetails"><span>View more details</span></div>
    </div>
    <div class="DetailsWrp">
        
<h3 class="Name"><a href="http://shops.mysupermarket.co.uk/merchant-funky-hampers/product-72064082" id="ProductPageUrl" mouseoverable="true" tooltipcontent="Basket of Hand Made Chocolates (1Kg)" boundaries="body" zindex="1500" LinkType="NgProductPage" class="ProductPageUrl MspTooltip" yoffset="0" width="200" delay="1000" maxwidth="298" clickable="false" arrow="true" direction="Right" useclickinsteadhoveronmobiledevices="true"><span class="Prefix">Basket of Hand Made Chocolates </span><span class="Suffix">(1Kg)</span></a></h3>                
        <div id="NgMspProductCellPrice" class="NgMspProductCellPrice" data-value="29.99">
    <span class="Price"><span class=Coin>£</span>29.99</span>
    
    

    
    <div class="PpuWrp">
    <span id="PPU" class="PPU"><span class="BeforeOffer"><span class=Coin>£</span>29.99</span><span> / </span>each</span>
    </div>
    
    
</div>

        <div id="MerchantLinkWrp" class="MerchantLinkWrp">
    <a href="http://shops.mysupermarket.co.uk/merchant-funky-hampers/home" id="MerchantLink" linktype="AjaxCloseNavigation">by Funky Hampers</a>        
</div>        
        
               
        
        <div id="CtaWrp" class="CtaWrp">  
    <div id="AddToBasketContainer" class="Cta RegularMode" linktype="NgUpdateBasket">
    <div class="SimpleModeWrp">
        <a href="javascript:void(0)" id="AddToBasket" class="Add">Add to basket</a>
    </div>
    <div class="ComplexModeWrp">
        <div id="RemoveBtnWrp" class="RemoveBtnWrp Btn">
            <a href="javascript:void(0)" class="Remove"></a>
        </div>
        <div id="CountAndPriceWrp" class="CountAndPriceWrp">
            <div class="CountAndPriceInnerWrp">
                <span id="Quantity" class="Quantity"></span>
                <span id="Separator" class="Separator">|</span>
                <div id="PriceWrp" class="PriceWrp">
                    <span id="TotalPrice" class="TotalPrice"></span>
                </div>
            </div>
        </div>
        <div id="AddBtnWrp" class="AddBtnWrp Btn">
            <a href="javascript:void(0)" class="Add"></a>
        </div>
    </div>
</div>

     
    
</div>
        
    </div>
    <div class="BasketQuantityWrp">
        <span id="BasketQuantity" class="BasketQuantity"></span>
    </div>
</li><li id="NgMspProductCell" class="NgMspProductCell MHS Expanded" ProductId="72069423" TrackingCode="1311.OVZa_zsv7ESYs9K7aA4MNQ" data-cartid="606">
    <div id="NgMspProductCellLabels" class="NgMspProductCellLabels">

 <a href="javascript:void(0)" id="SavingSuggestion" class="Label Action"><span class="LabelText"></span></a>
</div>
    
    
    
    <div class="ImageWrp" LinkType="NgProductPage">
        <img src="http://images-manager.mysupermarket.co.uk/Merchants/606/Products/72069423/v0/55-above-3-flavours-pack-3x200ml_136.jpg" id="ProductImage" class="ProductImage" alt="55 Above &#39;3 Flavours&#39; Pack (3x200ml)" />
        <div id="ViewDetailsbtn" class="ViewDetails"><span>View more details</span></div>
    </div>
    <div class="DetailsWrp">
        
<h3 class="Name"><a href="http://shops.mysupermarket.co.uk/merchant-55-above/product-72069423" id="ProductPageUrl" mouseoverable="true" tooltipcontent="55 Above &#39;3 Flavours&#39; Pack (3x200ml)" boundaries="body" zindex="1500" LinkType="NgProductPage" class="ProductPageUrl MspTooltip" yoffset="0" width="200" delay="1000" maxwidth="298" clickable="false" arrow="true" direction="Right" useclickinsteadhoveronmobiledevices="true"><span class="Prefix">55 Above '3 Flavours' Pack </span><span class="Suffix">(3x200ml)</span></a></h3>                
        <div id="NgMspProductCellPrice" class="NgMspProductCellPrice FreeDeliveryLabel" data-value="35">
    <span class="Price"><span class=Coin>£</span>35.00</span>
    
    

    
    <div class="PpuWrp">
    <span id="PPU" class="PPU"><span class="BeforeOffer"><span class=Coin>£</span>5.83</span><span> / </span>100ml</span>
    </div>
    
    
</div>

        <div id="MerchantLinkWrp" class="MerchantLinkWrp">
    <a href="http://shops.mysupermarket.co.uk/merchant-55-above/home" id="MerchantLink" linktype="AjaxCloseNavigation">by 55 Above</a>        
</div>        
        
               
        
        <div id="CtaWrp" class="CtaWrp">  
    <div id="AddToBasketContainer" class="Cta RegularMode" linktype="NgUpdateBasket">
    <div class="SimpleModeWrp">
        <a href="javascript:void(0)" id="AddToBasket" class="Add">Add to basket</a>
    </div>
    <div class="ComplexModeWrp">
        <div id="RemoveBtnWrp" class="RemoveBtnWrp Btn">
            <a href="javascript:void(0)" class="Remove"></a>
        </div>
        <div id="CountAndPriceWrp" class="CountAndPriceWrp">
            <div class="CountAndPriceInnerWrp">
                <span id="Quantity" class="Quantity"></span>
                <span id="Separator" class="Separator">|</span>
                <div id="PriceWrp" class="PriceWrp">
                    <span id="TotalPrice" class="TotalPrice"></span>
                </div>
            </div>
        </div>
        <div id="AddBtnWrp" class="AddBtnWrp Btn">
            <a href="javascript:void(0)" class="Add"></a>
        </div>
    </div>
</div>

     
    
</div>
        
    </div>
    <div class="BasketQuantityWrp">
        <span id="BasketQuantity" class="BasketQuantity"></span>
    </div>
</li><li id="NgMspProductCell" class="NgMspProductCell MHS Expanded" ProductId="72001418" TrackingCode="1411.OVZa_zsv7ESYs9K7aA4MNQ" data-cartid="451">
    <div id="NgMspProductCellLabels" class="NgMspProductCellLabels">

 <a href="javascript:void(0)" id="SavingSuggestion" class="Label Action"><span class="LabelText"></span></a>
</div>
    
    
    
    <div class="ImageWrp" LinkType="NgProductPage">
        <img src="http://images-manager.mysupermarket.co.uk/Merchants/451/Products/72001418/v3/birthday_boy_treats_gift_hamper_136.jpg" id="ProductImage" class="ProductImage" alt="Birthday Boy Treats Gift Hamper" />
        <div id="ViewDetailsbtn" class="ViewDetails"><span>View more details</span></div>
    </div>
    <div class="DetailsWrp">
        
<h3 class="Name"><a href="http://shops.mysupermarket.co.uk/merchant-highland-fayre-hampers/product-72001418" id="ProductPageUrl" mouseoverable="true" tooltipcontent="Birthday Boy Treats Gift Hamper" boundaries="body" zindex="1500" LinkType="NgProductPage" class="ProductPageUrl MspTooltip" yoffset="0" width="200" delay="1000" maxwidth="298" clickable="false" arrow="true" direction="Right" useclickinsteadhoveronmobiledevices="true"><span class="Prefix">Birthday Boy Treats Gift Hamper</span><span class="Suffix"></span></a></h3>                
        <div id="NgMspProductCellPrice" class="NgMspProductCellPrice" data-value="38.72">
    <span class="Price"><span class=Coin>£</span>38.72</span>
    
    

    
    <div class="PpuWrp">
    <span id="PPU" class="PPU"><span class="BeforeOffer"><span class=Coin>£</span>38.72</span><span> / </span>each</span>
    </div>
    
    
</div>

        <div id="MerchantLinkWrp" class="MerchantLinkWrp">
    <a href="http://shops.mysupermarket.co.uk/merchant-highland-fayre-hampers/home" id="MerchantLink" linktype="AjaxCloseNavigation">by Highland Fayre Hampers</a>        
</div>        
        
               
        
        <div id="CtaWrp" class="CtaWrp">  
    <div id="AddToBasketContainer" class="Cta RegularMode" linktype="NgUpdateBasket">
    <div class="SimpleModeWrp">
        <a href="javascript:void(0)" id="AddToBasket" class="Add">Add to basket</a>
    </div>
    <div class="ComplexModeWrp">
        <div id="RemoveBtnWrp" class="RemoveBtnWrp Btn">
            <a href="javascript:void(0)" class="Remove"></a>
        </div>
        <div id="CountAndPriceWrp" class="CountAndPriceWrp">
            <div class="CountAndPriceInnerWrp">
                <span id="Quantity" class="Quantity"></span>
                <span id="Separator" class="Separator">|</span>
                <div id="PriceWrp" class="PriceWrp">
                    <span id="TotalPrice" class="TotalPrice"></span>
                </div>
            </div>
        </div>
        <div id="AddBtnWrp" class="AddBtnWrp Btn">
            <a href="javascript:void(0)" class="Add"></a>
        </div>
    </div>
</div>

     
    
</div>
        
    </div>
    <div class="BasketQuantityWrp">
        <span id="BasketQuantity" class="BasketQuantity"></span>
    </div>
</li><li id="NgMspProductCell" class="NgMspProductCell MHS Expanded" ProductId="72063772" TrackingCode="1511.OVZa_zsv7ESYs9K7aA4MNQ" data-cartid="487">
    <div id="NgMspProductCellLabels" class="NgMspProductCellLabels">
<div class="Label Offer" data="&lt;span class=Coin>£&lt;/span>21.25" linkType="NgProductPage"><span class="LabelText">Offer</span></div>
 <a href="javascript:void(0)" id="SavingSuggestion" class="Label Action"><span class="LabelText"></span></a>
</div>
    
    
    
    <div class="ImageWrp" LinkType="NgProductPage">
        <img src="http://images-manager.mysupermarket.co.uk/Merchants/487/Products/72063772/v0/argan-beauty-collection-by-nourish_136.jpg" id="ProductImage" class="ProductImage" alt="Argan Beauty Collection by Nourish" />
        <div id="ViewDetailsbtn" class="ViewDetails"><span>View more details</span></div>
    </div>
    <div class="DetailsWrp">
        
<h3 class="Name"><a href="http://shops.mysupermarket.co.uk/merchant-greenwich-pantry/product-72063772" id="ProductPageUrl" mouseoverable="true" tooltipcontent="Argan Beauty Collection by Nourish" boundaries="body" zindex="1500" LinkType="NgProductPage" class="ProductPageUrl MspTooltip" yoffset="0" width="200" delay="1000" maxwidth="298" clickable="false" arrow="true" direction="Right" useclickinsteadhoveronmobiledevices="true"><span class="Prefix">Argan Beauty Collection by Nourish</span><span class="Suffix"></span></a></h3>                
        <div id="NgMspProductCellPrice" class="NgMspProductCellPrice PriceDiscount" data-value="21.25">
    <span class="Price"><span class=Coin>£</span>25.00</span>
    <span id="OfferStub" class="Offer"><span class=Coin>£</span>21.25</span>
    

    
    <div class="PpuWrp">
    <span id="PPU" class="PPU"><span class="AfterOffer"><span class=Coin>£</span>21.25</span><span> / </span>each</span>
    </div>
    
    
</div>

        <div id="MerchantLinkWrp" class="MerchantLinkWrp">
    <a href="http://shops.mysupermarket.co.uk/merchant-greenwich-pantry/home" id="MerchantLink" linktype="AjaxCloseNavigation">by Greenwich Pantry</a>        
</div>        
        
               
        
        <div id="CtaWrp" class="CtaWrp">  
    <div id="AddToBasketContainer" class="Cta RegularMode" linktype="NgUpdateBasket">
    <div class="SimpleModeWrp">
        <a href="javascript:void(0)" id="AddToBasket" class="Add">Add to basket</a>
    </div>
    <div class="ComplexModeWrp">
        <div id="RemoveBtnWrp" class="RemoveBtnWrp Btn">
            <a href="javascript:void(0)" class="Remove"></a>
        </div>
        <div id="CountAndPriceWrp" class="CountAndPriceWrp">
            <div class="CountAndPriceInnerWrp">
                <span id="Quantity" class="Quantity"></span>
                <span id="Separator" class="Separator">|</span>
                <div id="PriceWrp" class="PriceWrp">
                    <span id="TotalPrice" class="TotalPrice"></span>
                </div>
            </div>
        </div>
        <div id="AddBtnWrp" class="AddBtnWrp Btn">
            <a href="javascript:void(0)" class="Add"></a>
        </div>
    </div>
</div>

     
    
</div>
        
    </div>
    <div class="BasketQuantityWrp">
        <span id="BasketQuantity" class="BasketQuantity"></span>
    </div>
</li><li id="NgMspProductCell" class="NgMspProductCell MHS Expanded" ProductId="72027394" TrackingCode="1611.OVZa_zsv7ESYs9K7aA4MNQ" data-cartid="563">
    <div id="NgMspProductCellLabels" class="NgMspProductCellLabels">

 <a href="javascript:void(0)" id="SavingSuggestion" class="Label Action"><span class="LabelText"></span></a>
</div>
    
    
    
    <div class="ImageWrp" LinkType="NgProductPage">
        <img src="http://images-manager.mysupermarket.co.uk/Merchants/563/Products/72027394/v1/happy_birthday_gift_box_8x36g_136.jpg" id="ProductImage" class="ProductImage" alt="Happy Birthday Gift Box (8x36g)" />
        <div id="ViewDetailsbtn" class="ViewDetails"><span>View more details</span></div>
    </div>
    <div class="DetailsWrp">
        
<h3 class="Name"><a href="http://shops.mysupermarket.co.uk/merchant-pop-kakery/product-72027394" id="ProductPageUrl" mouseoverable="true" tooltipcontent="Happy Birthday Gift Box (8x36g)" boundaries="body" zindex="1500" LinkType="NgProductPage" class="ProductPageUrl MspTooltip" yoffset="0" width="200" delay="1000" maxwidth="298" clickable="false" arrow="true" direction="Right" useclickinsteadhoveronmobiledevices="true"><span class="Prefix">Happy Birthday Gift Box </span><span class="Suffix">(8x36g)</span></a></h3>                
        <div id="NgMspProductCellPrice" class="NgMspProductCellPrice" data-value="12">
    <span class="Price"><span class=Coin>£</span>12.00</span>
    
    

    
    <div class="PpuWrp">
    <span id="PPU" class="PPU"><span class="BeforeOffer">52.1<span class=Penny>p</span></span><span> / </span>100g</span>
    </div>
    
    
</div>

        <div id="MerchantLinkWrp" class="MerchantLinkWrp">
    <a href="http://shops.mysupermarket.co.uk/merchant-pop-kakery/home" id="MerchantLink" linktype="AjaxCloseNavigation">by Pop Kakery</a>        
</div>        
        
               
        
        <div id="CtaWrp" class="CtaWrp">  
    <div id="AddToBasketContainer" class="Cta RegularMode" linktype="NgUpdateBasket">
    <div class="SimpleModeWrp">
        <a href="javascript:void(0)" id="AddToBasket" class="Add">Add to basket</a>
    </div>
    <div class="ComplexModeWrp">
        <div id="RemoveBtnWrp" class="RemoveBtnWrp Btn">
            <a href="javascript:void(0)" class="Remove"></a>
        </div>
        <div id="CountAndPriceWrp" class="CountAndPriceWrp">
            <div class="CountAndPriceInnerWrp">
                <span id="Quantity" class="Quantity"></span>
                <span id="Separator" class="Separator">|</span>
                <div id="PriceWrp" class="PriceWrp">
                    <span id="TotalPrice" class="TotalPrice"></span>
                </div>
            </div>
        </div>
        <div id="AddBtnWrp" class="AddBtnWrp Btn">
            <a href="javascript:void(0)" class="Add"></a>
        </div>
    </div>
</div>

     
    
</div>
        
    </div>
    <div class="BasketQuantityWrp">
        <span id="BasketQuantity" class="BasketQuantity"></span>
    </div>
</li><li id="NgMspProductCell" class="NgMspProductCell MHS Expanded" ProductId="72025943" TrackingCode="1711.OVZa_zsv7ESYs9K7aA4MNQ" data-cartid="512">
    <div id="NgMspProductCellLabels" class="NgMspProductCellLabels">

 <a href="javascript:void(0)" id="SavingSuggestion" class="Label Action"><span class="LabelText"></span></a>
</div>
    
    
    
    <div class="ImageWrp" LinkType="NgProductPage">
        <img src="http://images-manager.mysupermarket.co.uk/Merchants/512/Products/72025943/v1/a_jar_from_the_old_skool_days_13kg_136.jpg" id="ProductImage" class="ProductImage" alt="A Jar from the Old Skool Days (1.3kg)" />
        <div id="ViewDetailsbtn" class="ViewDetails"><span>View more details</span></div>
    </div>
    <div class="DetailsWrp">
        
<h3 class="Name"><a href="http://shops.mysupermarket.co.uk/merchant-the-sweetie-jar/product-72025943" id="ProductPageUrl" mouseoverable="true" tooltipcontent="A Jar from the Old Skool Days (1.3kg)" boundaries="body" zindex="1500" LinkType="NgProductPage" class="ProductPageUrl MspTooltip" yoffset="0" width="200" delay="1000" maxwidth="298" clickable="false" arrow="true" direction="Right" useclickinsteadhoveronmobiledevices="true"><span class="Prefix">A Jar from the Old Skool Days </span><span class="Suffix">(1.3kg)</span></a></h3>                
        <div id="NgMspProductCellPrice" class="NgMspProductCellPrice FreeDeliveryLabel" data-value="20.69">
    <span class="Price"><span class=Coin>£</span>20.69</span>
    
    

    
    <div class="PpuWrp">
    <span id="PPU" class="PPU"><span class="BeforeOffer"><span class=Coin>£</span>1.59</span><span> / </span>100g</span>
    </div>
    
    
</div>

        <div id="MerchantLinkWrp" class="MerchantLinkWrp">
    <a href="http://shops.mysupermarket.co.uk/merchant-the-sweetie-jar/home" id="MerchantLink" linktype="AjaxCloseNavigation">by The Sweetie Jar</a>        
</div>        
        
               
        
        <div id="CtaWrp" class="CtaWrp">  
    <div id="AddToBasketContainer" class="Cta RegularMode" linktype="NgUpdateBasket">
    <div class="SimpleModeWrp">
        <a href="javascript:void(0)" id="AddToBasket" class="Add">Add to basket</a>
    </div>
    <div class="ComplexModeWrp">
        <div id="RemoveBtnWrp" class="RemoveBtnWrp Btn">
            <a href="javascript:void(0)" class="Remove"></a>
        </div>
        <div id="CountAndPriceWrp" class="CountAndPriceWrp">
            <div class="CountAndPriceInnerWrp">
                <span id="Quantity" class="Quantity"></span>
                <span id="Separator" class="Separator">|</span>
                <div id="PriceWrp" class="PriceWrp">
                    <span id="TotalPrice" class="TotalPrice"></span>
                </div>
            </div>
        </div>
        <div id="AddBtnWrp" class="AddBtnWrp Btn">
            <a href="javascript:void(0)" class="Add"></a>
        </div>
    </div>
</div>

     
    
</div>
        
    </div>
    <div class="BasketQuantityWrp">
        <span id="BasketQuantity" class="BasketQuantity"></span>
    </div>
</li><li id="NgMspProductCell" class="NgMspProductCell MHS Expanded" ProductId="72025920" TrackingCode="1811.OVZa_zsv7ESYs9K7aA4MNQ" data-cartid="512">
    <div id="NgMspProductCellLabels" class="NgMspProductCellLabels">

 <a href="javascript:void(0)" id="SavingSuggestion" class="Label Action"><span class="LabelText"></span></a>
</div>
    
    
    
    <div class="ImageWrp" LinkType="NgProductPage">
        <img src="http://images-manager.mysupermarket.co.uk/Merchants/512/Products/72025920/v1/chocolate_sweets_gift_box_35kg_136.jpg" id="ProductImage" class="ProductImage" alt="Chocolate Sweets Gift Box (3.5kg)" />
        <div id="ViewDetailsbtn" class="ViewDetails"><span>View more details</span></div>
    </div>
    <div class="DetailsWrp">
        
<h3 class="Name"><a href="http://shops.mysupermarket.co.uk/merchant-the-sweetie-jar/product-72025920" id="ProductPageUrl" mouseoverable="true" tooltipcontent="Chocolate Sweets Gift Box (3.5kg)" boundaries="body" zindex="1500" LinkType="NgProductPage" class="ProductPageUrl MspTooltip" yoffset="0" width="200" delay="1000" maxwidth="298" clickable="false" arrow="true" direction="Right" useclickinsteadhoveronmobiledevices="true"><span class="Prefix">Chocolate Sweets Gift Box </span><span class="Suffix">(3.5kg)</span></a></h3>                
        <div id="NgMspProductCellPrice" class="NgMspProductCellPrice FreeDeliveryLabel" data-value="42.99">
    <span class="Price"><span class=Coin>£</span>42.99</span>
    
    

    
    <div class="PpuWrp">
    <span id="PPU" class="PPU"><span class="BeforeOffer"><span class=Coin>£</span>1.23</span><span> / </span>100g</span>
    </div>
    
    
</div>

        <div id="MerchantLinkWrp" class="MerchantLinkWrp">
    <a href="http://shops.mysupermarket.co.uk/merchant-the-sweetie-jar/home" id="MerchantLink" linktype="AjaxCloseNavigation">by The Sweetie Jar</a>        
</div>        
        
               
        
        <div id="CtaWrp" class="CtaWrp">  
    <div id="AddToBasketContainer" class="Cta RegularMode" linktype="NgUpdateBasket">
    <div class="SimpleModeWrp">
        <a href="javascript:void(0)" id="AddToBasket" class="Add">Add to basket</a>
    </div>
    <div class="ComplexModeWrp">
        <div id="RemoveBtnWrp" class="RemoveBtnWrp Btn">
            <a href="javascript:void(0)" class="Remove"></a>
        </div>
        <div id="CountAndPriceWrp" class="CountAndPriceWrp">
            <div class="CountAndPriceInnerWrp">
                <span id="Quantity" class="Quantity"></span>
                <span id="Separator" class="Separator">|</span>
                <div id="PriceWrp" class="PriceWrp">
                    <span id="TotalPrice" class="TotalPrice"></span>
                </div>
            </div>
        </div>
        <div id="AddBtnWrp" class="AddBtnWrp Btn">
            <a href="javascript:void(0)" class="Add"></a>
        </div>
    </div>
</div>

     
    
</div>
        
    </div>
    <div class="BasketQuantityWrp">
        <span id="BasketQuantity" class="BasketQuantity"></span>
    </div>
</li><li id="NgMspProductCell" class="NgMspProductCell MHS Expanded" ProductId="72063836" TrackingCode="1911.OVZa_zsv7ESYs9K7aA4MNQ" data-cartid="601">
    <div id="NgMspProductCellLabels" class="NgMspProductCellLabels">

 <a href="javascript:void(0)" id="SavingSuggestion" class="Label Action"><span class="LabelText"></span></a>
</div>
    
    
    
    <div class="ImageWrp" LinkType="NgProductPage">
        <img src="http://images-manager.mysupermarket.co.uk/Merchants/601/Products/72063836/v1/pig-and-pint-extravaganza-crackling-and-ale-gift-box-pig-of-doom_136.jpg" id="ProductImage" class="ProductImage" alt="Pig &amp; Pint Extravaganza Crackling &amp; Ale Gift Box - Pig of Doom" />
        <div id="ViewDetailsbtn" class="ViewDetails"><span>View more details</span></div>
    </div>
    <div class="DetailsWrp">
        
<h3 class="Name"><a href="http://shops.mysupermarket.co.uk/merchant-the-snaffling-pig-co/product-72063836" id="ProductPageUrl" mouseoverable="true" tooltipcontent="Pig &amp; Pint Extravaganza Crackling &amp; Ale Gift Box - Pig of Doom" boundaries="body" zindex="1500" LinkType="NgProductPage" class="ProductPageUrl MspTooltip" yoffset="0" width="200" delay="1000" maxwidth="298" clickable="false" arrow="true" direction="Right" useclickinsteadhoveronmobiledevices="true"><span class="Prefix">Pig & Pint Extravaganza Crackling & Ale Gift Box - Pig of Doom</span><span class="Suffix"></span></a></h3>                
        <div id="NgMspProductCellPrice" class="NgMspProductCellPrice FreeDeliveryLabel" data-value="25">
    <span class="Price"><span class=Coin>£</span>25.00</span>
    
    

    
    <div class="PpuWrp">
    <span id="PPU" class="PPU"><span class="BeforeOffer"><span class=Coin>£</span>25.00</span><span> / </span>each</span>
    </div>
    
    
</div>

        <div id="MerchantLinkWrp" class="MerchantLinkWrp">
    <a href="http://shops.mysupermarket.co.uk/merchant-the-snaffling-pig-co/home" id="MerchantLink" linktype="AjaxCloseNavigation">by The Snaffling Pig Co.</a>        
</div>        
        
               
        
        <div id="CtaWrp" class="CtaWrp">  
    <div id="AddToBasketContainer" class="Cta RegularMode" linktype="NgUpdateBasket">
    <div class="SimpleModeWrp">
        <a href="javascript:void(0)" id="AddToBasket" class="Add">Add to basket</a>
    </div>
    <div class="ComplexModeWrp">
        <div id="RemoveBtnWrp" class="RemoveBtnWrp Btn">
            <a href="javascript:void(0)" class="Remove"></a>
        </div>
        <div id="CountAndPriceWrp" class="CountAndPriceWrp">
            <div class="CountAndPriceInnerWrp">
                <span id="Quantity" class="Quantity"></span>
                <span id="Separator" class="Separator">|</span>
                <div id="PriceWrp" class="PriceWrp">
                    <span id="TotalPrice" class="TotalPrice"></span>
                </div>
            </div>
        </div>
        <div id="AddBtnWrp" class="AddBtnWrp Btn">
            <a href="javascript:void(0)" class="Add"></a>
        </div>
    </div>
</div>

     
    
</div>
        
    </div>
    <div class="BasketQuantityWrp">
        <span id="BasketQuantity" class="BasketQuantity"></span>
    </div>
</li><li id="NgMspProductCell" class="NgMspProductCell MHS Expanded" ProductId="72063923" TrackingCode="2011.OVZa_zsv7ESYs9K7aA4MNQ" data-cartid="605">
    <div id="NgMspProductCellLabels" class="NgMspProductCellLabels">

 <a href="javascript:void(0)" id="SavingSuggestion" class="Label Action"><span class="LabelText"></span></a>
</div>
    
    
    
    <div class="ImageWrp" LinkType="NgProductPage">
        <img src="http://images-manager.mysupermarket.co.uk/Merchants/605/Products/72063923/v1/avlaki-agatheri-groves-gourmet-finishing-oil-black-label-and-top-500ml_136.jpg" id="ProductImage" class="ProductImage" alt="  &#39;Agatherí Groves &#39; Gourmet &#39;Finishing Oil&#39; (500ml)" />
        <div id="ViewDetailsbtn" class="ViewDetails"><span>View more details</span></div>
    </div>
    <div class="DetailsWrp">
        
<h3 class="Name"><a href="http://shops.mysupermarket.co.uk/merchant-avlaki-superb-organic-oliveoil/product-72063923" id="ProductPageUrl" mouseoverable="true" tooltipcontent="  &#39;Agatherí Groves &#39; Gourmet &#39;Finishing Oil&#39; (500ml)" boundaries="body" zindex="1500" LinkType="NgProductPage" class="ProductPageUrl MspTooltip" yoffset="0" width="200" delay="1000" maxwidth="298" clickable="false" arrow="true" direction="Right" useclickinsteadhoveronmobiledevices="true"><span class="Prefix">  'Agatherí Groves ' Gourmet 'Finishing Oil' </span><span class="Suffix">(500ml)</span></a></h3>                
        <div id="NgMspProductCellPrice" class="NgMspProductCellPrice FreeDeliveryLabel" data-value="18">
    <span class="Price"><span class=Coin>£</span>18.00</span>
    
    

    
    <div class="PpuWrp">
    <span id="PPU" class="PPU"><span class="BeforeOffer"><span class=Coin>£</span>3.60</span><span> / </span>100ml</span>
    </div>
    
    
</div>

        <div id="MerchantLinkWrp" class="MerchantLinkWrp">
    <a href="http://shops.mysupermarket.co.uk/merchant-avlaki-superb-organic-oliveoil/home" id="MerchantLink" linktype="AjaxCloseNavigation">by AVLAKI Superb Organic OliveOil </a>        
</div>        
        
               
        
        <div id="CtaWrp" class="CtaWrp">  
    <div id="AddToBasketContainer" class="Cta RegularMode" linktype="NgUpdateBasket">
    <div class="SimpleModeWrp">
        <a href="javascript:void(0)" id="AddToBasket" class="Add">Add to basket</a>
    </div>
    <div class="ComplexModeWrp">
        <div id="RemoveBtnWrp" class="RemoveBtnWrp Btn">
            <a href="javascript:void(0)" class="Remove"></a>
        </div>
        <div id="CountAndPriceWrp" class="CountAndPriceWrp">
            <div class="CountAndPriceInnerWrp">
                <span id="Quantity" class="Quantity"></span>
                <span id="Separator" class="Separator">|</span>
                <div id="PriceWrp" class="PriceWrp">
                    <span id="TotalPrice" class="TotalPrice"></span>
                </div>
            </div>
        </div>
        <div id="AddBtnWrp" class="AddBtnWrp Btn">
            <a href="javascript:void(0)" class="Add"></a>
        </div>
    </div>
</div>

     
    
</div>
        
    </div>
    <div class="BasketQuantityWrp">
        <span id="BasketQuantity" class="BasketQuantity"></span>
    </div>
</li><li id="NgMspProductCell" class="NgMspProductCell MHS Expanded" ProductId="72063503" TrackingCode="2111.OVZa_zsv7ESYs9K7aA4MNQ" data-cartid="588">
    <div id="NgMspProductCellLabels" class="NgMspProductCellLabels">

 <a href="javascript:void(0)" id="SavingSuggestion" class="Label Action"><span class="LabelText"></span></a>
</div>
    
    
    
    <div class="ImageWrp" LinkType="NgProductPage">
        <img src="http://images-manager.mysupermarket.co.uk/Merchants/588/Products/72063503/v0/taste-the-world-hamper_136.jpg" id="ProductImage" class="ProductImage" alt="‘Taste the World’ Hamper" />
        <div id="ViewDetailsbtn" class="ViewDetails"><span>View more details</span></div>
    </div>
    <div class="DetailsWrp">
        
<h3 class="Name"><a href="http://shops.mysupermarket.co.uk/merchant-gourmet-spice-co/product-72063503" id="ProductPageUrl" mouseoverable="true" tooltipcontent="‘Taste the World’ Hamper" boundaries="body" zindex="1500" LinkType="NgProductPage" class="ProductPageUrl MspTooltip" yoffset="0" width="200" delay="1000" maxwidth="298" clickable="false" arrow="true" direction="Right" useclickinsteadhoveronmobiledevices="true"><span class="Prefix">‘Taste the World’ Hamper</span><span class="Suffix"></span></a></h3>                
        <div id="NgMspProductCellPrice" class="NgMspProductCellPrice" data-value="19.95">
    <span class="Price"><span class=Coin>£</span>19.95</span>
    
    

    
    <div class="PpuWrp">
    <span id="PPU" class="PPU"><span class="BeforeOffer"><span class=Coin>£</span>19.95</span><span> / </span>each</span>
    </div>
    
    
</div>

        <div id="MerchantLinkWrp" class="MerchantLinkWrp">
    <a href="http://shops.mysupermarket.co.uk/merchant-gourmet-spice-co/home" id="MerchantLink" linktype="AjaxCloseNavigation">by Gourmet Spice Co</a>        
</div>        
        
               
        
        <div id="CtaWrp" class="CtaWrp">  
    <div id="AddToBasketContainer" class="Cta RegularMode" linktype="NgUpdateBasket">
    <div class="SimpleModeWrp">
        <a href="javascript:void(0)" id="AddToBasket" class="Add">Add to basket</a>
    </div>
    <div class="ComplexModeWrp">
        <div id="RemoveBtnWrp" class="RemoveBtnWrp Btn">
            <a href="javascript:void(0)" class="Remove"></a>
        </div>
        <div id="CountAndPriceWrp" class="CountAndPriceWrp">
            <div class="CountAndPriceInnerWrp">
                <span id="Quantity" class="Quantity"></span>
                <span id="Separator" class="Separator">|</span>
                <div id="PriceWrp" class="PriceWrp">
                    <span id="TotalPrice" class="TotalPrice"></span>
                </div>
            </div>
        </div>
        <div id="AddBtnWrp" class="AddBtnWrp Btn">
            <a href="javascript:void(0)" class="Add"></a>
        </div>
    </div>
</div>

     
    
</div>
        
    </div>
    <div class="BasketQuantityWrp">
        <span id="BasketQuantity" class="BasketQuantity"></span>
    </div>
</li><li id="NgMspProductCell" class="NgMspProductCell MHS Expanded" ProductId="72001673" TrackingCode="2211.OVZa_zsv7ESYs9K7aA4MNQ" data-cartid="452">
    <div id="NgMspProductCellLabels" class="NgMspProductCellLabels">

 <a href="javascript:void(0)" id="SavingSuggestion" class="Label Action"><span class="LabelText"></span></a>
</div>
    
    
    
    <div class="ImageWrp" LinkType="NgProductPage">
        <img src="http://images-manager.mysupermarket.co.uk/Merchants/452/Products/72001673/v4/7_chocolate_fudge_brownie_pizza_240g_136.jpg" id="ProductImage" class="ProductImage" alt="7&quot; Chocolate Fudge Brownie Pizza (240g)" />
        <div id="ViewDetailsbtn" class="ViewDetails"><span>View more details</span></div>
    </div>
    <div class="DetailsWrp">
        
<h3 class="Name"><a href="http://shops.mysupermarket.co.uk/merchant-hamiltons-chocolates/product-72001673" id="ProductPageUrl" mouseoverable="true" tooltipcontent="7&quot; Chocolate Fudge Brownie Pizza (240g)" boundaries="body" zindex="1500" LinkType="NgProductPage" class="ProductPageUrl MspTooltip" yoffset="0" width="200" delay="1000" maxwidth="298" clickable="false" arrow="true" direction="Right" useclickinsteadhoveronmobiledevices="true"><span class="Prefix">7" Chocolate Fudge Brownie Pizza </span><span class="Suffix">(240g)</span></a></h3>                
        <div id="NgMspProductCellPrice" class="NgMspProductCellPrice" data-value="9.25">
    <span class="Price"><span class=Coin>£</span>9.25</span>
    
    

    
    <div class="PpuWrp">
    <span id="PPU" class="PPU"><span class="BeforeOffer"><span class=Coin>£</span>3.85</span><span> / </span>100g</span>
    </div>
    
    
</div>

        <div id="MerchantLinkWrp" class="MerchantLinkWrp">
    <a href="http://shops.mysupermarket.co.uk/merchant-hamiltons-chocolates/home" id="MerchantLink" linktype="AjaxCloseNavigation">by Hamiltons Chocolates </a>        
</div>        
        
               
        
        <div id="CtaWrp" class="CtaWrp">  
    <div id="AddToBasketContainer" class="Cta RegularMode" linktype="NgUpdateBasket">
    <div class="SimpleModeWrp">
        <a href="javascript:void(0)" id="AddToBasket" class="Add">Add to basket</a>
    </div>
    <div class="ComplexModeWrp">
        <div id="RemoveBtnWrp" class="RemoveBtnWrp Btn">
            <a href="javascript:void(0)" class="Remove"></a>
        </div>
        <div id="CountAndPriceWrp" class="CountAndPriceWrp">
            <div class="CountAndPriceInnerWrp">
                <span id="Quantity" class="Quantity"></span>
                <span id="Separator" class="Separator">|</span>
                <div id="PriceWrp" class="PriceWrp">
                    <span id="TotalPrice" class="TotalPrice"></span>
                </div>
            </div>
        </div>
        <div id="AddBtnWrp" class="AddBtnWrp Btn">
            <a href="javascript:void(0)" class="Add"></a>
        </div>
    </div>
</div>

     
    
</div>
        
    </div>
    <div class="BasketQuantityWrp">
        <span id="BasketQuantity" class="BasketQuantity"></span>
    </div>
</li><li id="NgMspProductCell" class="NgMspProductCell MHS Expanded" ProductId="72063508" TrackingCode="2311.OVZa_zsv7ESYs9K7aA4MNQ" data-cartid="580">
    <div id="NgMspProductCellLabels" class="NgMspProductCellLabels">

 <a href="javascript:void(0)" id="SavingSuggestion" class="Label Action"><span class="LabelText"></span></a>
</div>
    
    
    
    <div class="ImageWrp" LinkType="NgProductPage">
        <img src="http://images-manager.mysupermarket.co.uk/Merchants/580/Products/72063508/v1/salted-caramel-chocolate-box-12-piece-120g_1_136.jpg" id="ProductImage" class="ProductImage" alt="Salted Caramel Chocolate Box - 12 Piece (120g)" />
        <div id="ViewDetailsbtn" class="ViewDetails"><span>View more details</span></div>
    </div>
    <div class="DetailsWrp">
        
<h3 class="Name"><a href="http://shops.mysupermarket.co.uk/merchant-wicked-and-amp-wonderful/product-72063508" id="ProductPageUrl" mouseoverable="true" tooltipcontent="Salted Caramel Chocolate Box - 12 Piece (120g)" boundaries="body" zindex="1500" LinkType="NgProductPage" class="ProductPageUrl MspTooltip" yoffset="0" width="200" delay="1000" maxwidth="298" clickable="false" arrow="true" direction="Right" useclickinsteadhoveronmobiledevices="true"><span class="Prefix">Salted Caramel Chocolate Box - 12 Piece </span><span class="Suffix">(120g)</span></a></h3>                
        <div id="NgMspProductCellPrice" class="NgMspProductCellPrice" data-value="14.95">
    <span class="Price"><span class=Coin>£</span>14.95</span>
    
    

    
    <div class="PpuWrp">
    <span id="PPU" class="PPU"><span class="BeforeOffer"><span class=Coin>£</span>12.46</span><span> / </span>100g</span>
    </div>
    
    
</div>

        <div id="MerchantLinkWrp" class="MerchantLinkWrp">
    <a href="http://shops.mysupermarket.co.uk/merchant-wicked-and-amp-wonderful/home" id="MerchantLink" linktype="AjaxCloseNavigation">by Wicked &amp; Wonderful</a>        
</div>        
        
               
        
        <div id="CtaWrp" class="CtaWrp">  
    <div id="AddToBasketContainer" class="Cta RegularMode" linktype="NgUpdateBasket">
    <div class="SimpleModeWrp">
        <a href="javascript:void(0)" id="AddToBasket" class="Add">Add to basket</a>
    </div>
    <div class="ComplexModeWrp">
        <div id="RemoveBtnWrp" class="RemoveBtnWrp Btn">
            <a href="javascript:void(0)" class="Remove"></a>
        </div>
        <div id="CountAndPriceWrp" class="CountAndPriceWrp">
            <div class="CountAndPriceInnerWrp">
                <span id="Quantity" class="Quantity"></span>
                <span id="Separator" class="Separator">|</span>
                <div id="PriceWrp" class="PriceWrp">
                    <span id="TotalPrice" class="TotalPrice"></span>
                </div>
            </div>
        </div>
        <div id="AddBtnWrp" class="AddBtnWrp Btn">
            <a href="javascript:void(0)" class="Add"></a>
        </div>
    </div>
</div>

     
    
</div>
        
    </div>
    <div class="BasketQuantityWrp">
        <span id="BasketQuantity" class="BasketQuantity"></span>
    </div>
</li><li id="NgMspProductCell" class="NgMspProductCell MHS Expanded" ProductId="72062737" TrackingCode="2411.OVZa_zsv7ESYs9K7aA4MNQ" data-cartid="576">
    <div id="NgMspProductCellLabels" class="NgMspProductCellLabels">

 <a href="javascript:void(0)" id="SavingSuggestion" class="Label Action"><span class="LabelText"></span></a>
</div>
    
    
    
    <div class="ImageWrp" LinkType="NgProductPage">
        <img src="http://images-manager.mysupermarket.co.uk/Merchants/576/Products/72062737/v0/beluga_vodka_700ml_136.jpg" id="ProductImage" class="ProductImage" alt="Beluga Vodka (700ml)" />
        <div id="ViewDetailsbtn" class="ViewDetails"><span>View more details</span></div>
    </div>
    <div class="DetailsWrp">
        
<h3 class="Name"><a href="http://shops.mysupermarket.co.uk/merchant-31dovercom-drinks-delivered/product-72062737" id="ProductPageUrl" mouseoverable="true" tooltipcontent="Beluga Vodka (700ml)" boundaries="body" zindex="1500" LinkType="NgProductPage" class="ProductPageUrl MspTooltip" yoffset="0" width="200" delay="1000" maxwidth="298" clickable="false" arrow="true" direction="Right" useclickinsteadhoveronmobiledevices="true"><span class="Prefix">Beluga Vodka </span><span class="Suffix">(700ml)</span></a></h3>                
        <div id="NgMspProductCellPrice" class="NgMspProductCellPrice" data-value="34.95">
    <span class="Price"><span class=Coin>£</span>34.95</span>
    
    

    
    <div class="PpuWrp">
    <span id="PPU" class="PPU"><span class="BeforeOffer"><span class=Coin>£</span>4.99</span><span> / </span>100ml</span>
    </div>
    
    
</div>

        <div id="MerchantLinkWrp" class="MerchantLinkWrp">
    <a href="http://shops.mysupermarket.co.uk/merchant-31dovercom-drinks-delivered/home" id="MerchantLink" linktype="AjaxCloseNavigation">by 31DOVER.COM Drinks, Delivered.</a>        
</div>        
        
               
        
        <div id="CtaWrp" class="CtaWrp">  
    <div id="AddToBasketContainer" class="Cta RegularMode" linktype="NgUpdateBasket">
    <div class="SimpleModeWrp">
        <a href="javascript:void(0)" id="AddToBasket" class="Add">Add to basket</a>
    </div>
    <div class="ComplexModeWrp">
        <div id="RemoveBtnWrp" class="RemoveBtnWrp Btn">
            <a href="javascript:void(0)" class="Remove"></a>
        </div>
        <div id="CountAndPriceWrp" class="CountAndPriceWrp">
            <div class="CountAndPriceInnerWrp">
                <span id="Quantity" class="Quantity"></span>
                <span id="Separator" class="Separator">|</span>
                <div id="PriceWrp" class="PriceWrp">
                    <span id="TotalPrice" class="TotalPrice"></span>
                </div>
            </div>
        </div>
        <div id="AddBtnWrp" class="AddBtnWrp Btn">
            <a href="javascript:void(0)" class="Add"></a>
        </div>
    </div>
</div>

     
    
</div>
        
    </div>
    <div class="BasketQuantityWrp">
        <span id="BasketQuantity" class="BasketQuantity"></span>
    </div>
</li><li id="NgMspProductCell" class="NgMspProductCell MHS Expanded" ProductId="72024110" TrackingCode="2511.OVZa_zsv7ESYs9K7aA4MNQ" data-cartid="504">
    <div id="NgMspProductCellLabels" class="NgMspProductCellLabels">

 <a href="javascript:void(0)" id="SavingSuggestion" class="Label Action"><span class="LabelText"></span></a>
</div>
    
    
    
    <div class="ImageWrp" LinkType="NgProductPage">
        <img src="http://images-manager.mysupermarket.co.uk/Merchants/504/Products/72024110/v3/breakfast_time_wooden_rack_strawberry_fine_cut_breakfast_tea_with_orange_hint_2x_227g_136.jpg" id="ProductImage" class="ProductImage" alt="Breakfast Time Wooden Rack- Strawberry, Fine Cut, Breakfast Tea with Orange Hint (2x227g)" />
        <div id="ViewDetailsbtn" class="ViewDetails"><span>View more details</span></div>
    </div>
    <div class="DetailsWrp">
        
<h3 class="Name"><a href="http://shops.mysupermarket.co.uk/merchant-the-wooden-spoon-preserving-co/product-72024110" id="ProductPageUrl" mouseoverable="true" tooltipcontent="Breakfast Time Wooden Rack- Strawberry, Fine Cut, Breakfast Tea with Orange Hint (2x227g)" boundaries="body" zindex="1500" LinkType="NgProductPage" class="ProductPageUrl MspTooltip" yoffset="0" width="200" delay="1000" maxwidth="298" clickable="false" arrow="true" direction="Right" useclickinsteadhoveronmobiledevices="true"><span class="Prefix">Breakfast Time Wooden Rack- Strawberry, Fine Cut, Breakfast Tea with Orange Hint </span><span class="Suffix">(2x227g)</span></a></h3>                
        <div id="NgMspProductCellPrice" class="NgMspProductCellPrice" data-value="11.99">
    <span class="Price"><span class=Coin>£</span>11.99</span>
    
    

    
    <div class="PpuWrp">
    <span id="PPU" class="PPU"><span class="BeforeOffer"><span class=Coin>£</span>2.64</span><span> / </span>100g</span>
    </div>
    
    
</div>

        <div id="MerchantLinkWrp" class="MerchantLinkWrp">
    <a href="http://shops.mysupermarket.co.uk/merchant-the-wooden-spoon-preserving-co/home" id="MerchantLink" linktype="AjaxCloseNavigation">by The Wooden Spoon Preserving Co</a>        
</div>        
        
               
        
        <div id="CtaWrp" class="CtaWrp">  
    <div id="AddToBasketContainer" class="Cta RegularMode" linktype="NgUpdateBasket">
    <div class="SimpleModeWrp">
        <a href="javascript:void(0)" id="AddToBasket" class="Add">Add to basket</a>
    </div>
    <div class="ComplexModeWrp">
        <div id="RemoveBtnWrp" class="RemoveBtnWrp Btn">
            <a href="javascript:void(0)" class="Remove"></a>
        </div>
        <div id="CountAndPriceWrp" class="CountAndPriceWrp">
            <div class="CountAndPriceInnerWrp">
                <span id="Quantity" class="Quantity"></span>
                <span id="Separator" class="Separator">|</span>
                <div id="PriceWrp" class="PriceWrp">
                    <span id="TotalPrice" class="TotalPrice"></span>
                </div>
            </div>
        </div>
        <div id="AddBtnWrp" class="AddBtnWrp Btn">
            <a href="javascript:void(0)" class="Add"></a>
        </div>
    </div>
</div>

     
    
</div>
        
    </div>
    <div class="BasketQuantityWrp">
        <span id="BasketQuantity" class="BasketQuantity"></span>
    </div>
</li><li id="NgMspProductCell" class="NgMspProductCell MHS Expanded" ProductId="72063552" TrackingCode="2611.OVZa_zsv7ESYs9K7aA4MNQ" data-cartid="487">
    <div id="NgMspProductCellLabels" class="NgMspProductCellLabels">

 <a href="javascript:void(0)" id="SavingSuggestion" class="Label Action"><span class="LabelText"></span></a>
</div>
    
    
    
    <div class="ImageWrp" LinkType="NgProductPage">
        <img src="http://images-manager.mysupermarket.co.uk/Merchants/487/Products/72063552/v1/chocolate-haven-bundle_136.jpg" id="ProductImage" class="ProductImage" alt="Chocolate Haven Bundle" />
        <div id="ViewDetailsbtn" class="ViewDetails"><span>View more details</span></div>
    </div>
    <div class="DetailsWrp">
        
<h3 class="Name"><a href="http://shops.mysupermarket.co.uk/merchant-greenwich-pantry/product-72063552" id="ProductPageUrl" mouseoverable="true" tooltipcontent="Chocolate Haven Bundle" boundaries="body" zindex="1500" LinkType="NgProductPage" class="ProductPageUrl MspTooltip" yoffset="0" width="200" delay="1000" maxwidth="298" clickable="false" arrow="true" direction="Right" useclickinsteadhoveronmobiledevices="true"><span class="Prefix">Chocolate Haven Bundle</span><span class="Suffix"></span></a></h3>                
        <div id="NgMspProductCellPrice" class="NgMspProductCellPrice" data-value="10.5">
    <span class="Price"><span class=Coin>£</span>10.50</span>
    
    

    
    <div class="PpuWrp">
    <span id="PPU" class="PPU"><span class="BeforeOffer"><span class=Coin>£</span>10.50</span><span> / </span>each</span>
    </div>
    
    
</div>

        <div id="MerchantLinkWrp" class="MerchantLinkWrp">
    <a href="http://shops.mysupermarket.co.uk/merchant-greenwich-pantry/home" id="MerchantLink" linktype="AjaxCloseNavigation">by Greenwich Pantry</a>        
</div>        
        
               
        
        <div id="CtaWrp" class="CtaWrp">  
    <div id="AddToBasketContainer" class="Cta RegularMode" linktype="NgUpdateBasket">
    <div class="SimpleModeWrp">
        <a href="javascript:void(0)" id="AddToBasket" class="Add">Add to basket</a>
    </div>
    <div class="ComplexModeWrp">
        <div id="RemoveBtnWrp" class="RemoveBtnWrp Btn">
            <a href="javascript:void(0)" class="Remove"></a>
        </div>
        <div id="CountAndPriceWrp" class="CountAndPriceWrp">
            <div class="CountAndPriceInnerWrp">
                <span id="Quantity" class="Quantity"></span>
                <span id="Separator" class="Separator">|</span>
                <div id="PriceWrp" class="PriceWrp">
                    <span id="TotalPrice" class="TotalPrice"></span>
                </div>
            </div>
        </div>
        <div id="AddBtnWrp" class="AddBtnWrp Btn">
            <a href="javascript:void(0)" class="Add"></a>
        </div>
    </div>
</div>

     
    
</div>
        
    </div>
    <div class="BasketQuantityWrp">
        <span id="BasketQuantity" class="BasketQuantity"></span>
    </div>
</li><li id="NgMspProductCell" class="NgMspProductCell MHS Expanded" ProductId="72002045" TrackingCode="2711.OVZa_zsv7ESYs9K7aA4MNQ" data-cartid="458">
    <div id="NgMspProductCellLabels" class="NgMspProductCellLabels">

 <a href="javascript:void(0)" id="SavingSuggestion" class="Label Action"><span class="LabelText"></span></a>
</div>
    
    
    
    <div class="ImageWrp" LinkType="NgProductPage">
        <img src="http://images-manager.mysupermarket.co.uk/Merchants/458/Products/72002045/v4/montys-beers-mixed-case-12x500ml_136.jpg" id="ProductImage" class="ProductImage" alt="Monty&#39;s Beers - Mixed Case (12x500ml)" />
        <div id="ViewDetailsbtn" class="ViewDetails"><span>View more details</span></div>
    </div>
    <div class="DetailsWrp">
        
<h3 class="Name"><a href="http://shops.mysupermarket.co.uk/merchant-best-of-british-beer/product-72002045" id="ProductPageUrl" mouseoverable="true" tooltipcontent="Monty&#39;s Beers - Mixed Case (12x500ml)" boundaries="body" zindex="1500" LinkType="NgProductPage" class="ProductPageUrl MspTooltip" yoffset="0" width="200" delay="1000" maxwidth="298" clickable="false" arrow="true" direction="Right" useclickinsteadhoveronmobiledevices="true"><span class="Prefix">Monty's Beers - Mixed Case </span><span class="Suffix">(12x500ml)</span></a></h3>                
        <div id="NgMspProductCellPrice" class="NgMspProductCellPrice" data-value="31.3">
    <span class="Price"><span class=Coin>£</span>31.30</span>
    
    

    
    <div class="PpuWrp">
    <span id="PPU" class="PPU"><span class="BeforeOffer">52.2<span class=Penny>p</span></span><span> / </span>100ml</span>
    </div>
    
    
</div>

        <div id="MerchantLinkWrp" class="MerchantLinkWrp">
    <a href="http://shops.mysupermarket.co.uk/merchant-best-of-british-beer/home" id="MerchantLink" linktype="AjaxCloseNavigation">by Best of British Beer</a>        
</div>        
        
               
        
        <div id="CtaWrp" class="CtaWrp">  
    <div id="AddToBasketContainer" class="Cta RegularMode" linktype="NgUpdateBasket">
    <div class="SimpleModeWrp">
        <a href="javascript:void(0)" id="AddToBasket" class="Add">Add to basket</a>
    </div>
    <div class="ComplexModeWrp">
        <div id="RemoveBtnWrp" class="RemoveBtnWrp Btn">
            <a href="javascript:void(0)" class="Remove"></a>
        </div>
        <div id="CountAndPriceWrp" class="CountAndPriceWrp">
            <div class="CountAndPriceInnerWrp">
                <span id="Quantity" class="Quantity"></span>
                <span id="Separator" class="Separator">|</span>
                <div id="PriceWrp" class="PriceWrp">
                    <span id="TotalPrice" class="TotalPrice"></span>
                </div>
            </div>
        </div>
        <div id="AddBtnWrp" class="AddBtnWrp Btn">
            <a href="javascript:void(0)" class="Add"></a>
        </div>
    </div>
</div>

     
    
</div>
        
    </div>
    <div class="BasketQuantityWrp">
        <span id="BasketQuantity" class="BasketQuantity"></span>
    </div>
</li><li id="NgMspProductCell" class="NgMspProductCell MHS Expanded" ProductId="72063935" TrackingCode="2811.OVZa_zsv7ESYs9K7aA4MNQ" data-cartid="606">
    <div id="NgMspProductCellLabels" class="NgMspProductCellLabels">

 <a href="javascript:void(0)" id="SavingSuggestion" class="Label Action"><span class="LabelText"></span></a>
</div>
    
    
    
    <div class="ImageWrp" LinkType="NgProductPage">
        <img src="http://images-manager.mysupermarket.co.uk/Merchants/606/Products/72063935/v0/55-above-coconut-vodka-700ml_136.jpg" id="ProductImage" class="ProductImage" alt="55 Above Coconut Vodka (700ml)" />
        <div id="ViewDetailsbtn" class="ViewDetails"><span>View more details</span></div>
    </div>
    <div class="DetailsWrp">
        
<h3 class="Name"><a href="http://shops.mysupermarket.co.uk/merchant-55-above/product-72063935" id="ProductPageUrl" mouseoverable="true" tooltipcontent="55 Above Coconut Vodka (700ml)" boundaries="body" zindex="1500" LinkType="NgProductPage" class="ProductPageUrl MspTooltip" yoffset="0" width="200" delay="1000" maxwidth="298" clickable="false" arrow="true" direction="Right" useclickinsteadhoveronmobiledevices="true"><span class="Prefix">55 Above Coconut Vodka </span><span class="Suffix">(700ml)</span></a></h3>                
        <div id="NgMspProductCellPrice" class="NgMspProductCellPrice FreeDeliveryLabel" data-value="35">
    <span class="Price"><span class=Coin>£</span>35.00</span>
    
    

    
    <div class="PpuWrp">
    <span id="PPU" class="PPU"><span class="BeforeOffer"><span class=Coin>£</span>5.00</span><span> / </span>100ml</span>
    </div>
    
    
</div>

        <div id="MerchantLinkWrp" class="MerchantLinkWrp">
    <a href="http://shops.mysupermarket.co.uk/merchant-55-above/home" id="MerchantLink" linktype="AjaxCloseNavigation">by 55 Above</a>        
</div>        
        
               
        
        <div id="CtaWrp" class="CtaWrp">  
    <div id="AddToBasketContainer" class="Cta RegularMode" linktype="NgUpdateBasket">
    <div class="SimpleModeWrp">
        <a href="javascript:void(0)" id="AddToBasket" class="Add">Add to basket</a>
    </div>
    <div class="ComplexModeWrp">
        <div id="RemoveBtnWrp" class="RemoveBtnWrp Btn">
            <a href="javascript:void(0)" class="Remove"></a>
        </div>
        <div id="CountAndPriceWrp" class="CountAndPriceWrp">
            <div class="CountAndPriceInnerWrp">
                <span id="Quantity" class="Quantity"></span>
                <span id="Separator" class="Separator">|</span>
                <div id="PriceWrp" class="PriceWrp">
                    <span id="TotalPrice" class="TotalPrice"></span>
                </div>
            </div>
        </div>
        <div id="AddBtnWrp" class="AddBtnWrp Btn">
            <a href="javascript:void(0)" class="Add"></a>
        </div>
    </div>
</div>

     
    
</div>
        
    </div>
    <div class="BasketQuantityWrp">
        <span id="BasketQuantity" class="BasketQuantity"></span>
    </div>
</li><li id="NgMspProductCell" class="NgMspProductCell MHS Expanded" ProductId="72003636" TrackingCode="2911.OVZa_zsv7ESYs9K7aA4MNQ" data-cartid="466">
    <div id="NgMspProductCellLabels" class="NgMspProductCellLabels">

 <a href="javascript:void(0)" id="SavingSuggestion" class="Label Action"><span class="LabelText"></span></a>
</div>
    
    
    
    <div class="ImageWrp" LinkType="NgProductPage">
        <img src="http://images-manager.mysupermarket.co.uk/Merchants/466/Products/72003636/v4/argan_moroccan_organic_oil_virgin_cold_pressed_100ml_136.jpg" id="ProductImage" class="ProductImage" alt="Argan Moroccan, Organic Oil, Virgin, Cold Pressed (100ml)" />
        <div id="ViewDetailsbtn" class="ViewDetails"><span>View more details</span></div>
    </div>
    <div class="DetailsWrp">
        
<h3 class="Name"><a href="http://shops.mysupermarket.co.uk/merchant-fushi/product-72003636" id="ProductPageUrl" mouseoverable="true" tooltipcontent="Argan Moroccan, Organic Oil, Virgin, Cold Pressed (100ml)" boundaries="body" zindex="1500" LinkType="NgProductPage" class="ProductPageUrl MspTooltip" yoffset="0" width="200" delay="1000" maxwidth="298" clickable="false" arrow="true" direction="Right" useclickinsteadhoveronmobiledevices="true"><span class="Prefix">Argan Moroccan, Organic Oil, Virgin, Cold Pressed </span><span class="Suffix">(100ml)</span></a></h3>                
        <div id="NgMspProductCellPrice" class="NgMspProductCellPrice" data-value="9.5">
    <span class="Price"><span class=Coin>£</span>9.50</span>
    
    

    
    <div class="PpuWrp">
    <span id="PPU" class="PPU"><span class="BeforeOffer"><span class=Coin>£</span>9.50</span><span> / </span>100ml</span>
    </div>
    
    
</div>

        <div id="MerchantLinkWrp" class="MerchantLinkWrp">
    <a href="http://shops.mysupermarket.co.uk/merchant-fushi/home" id="MerchantLink" linktype="AjaxCloseNavigation">by Fushi Wellbeing</a>        
</div>        
        
               
        
        <div id="CtaWrp" class="CtaWrp">  
    <div id="AddToBasketContainer" class="Cta RegularMode" linktype="NgUpdateBasket">
    <div class="SimpleModeWrp">
        <a href="javascript:void(0)" id="AddToBasket" class="Add">Add to basket</a>
    </div>
    <div class="ComplexModeWrp">
        <div id="RemoveBtnWrp" class="RemoveBtnWrp Btn">
            <a href="javascript:void(0)" class="Remove"></a>
        </div>
        <div id="CountAndPriceWrp" class="CountAndPriceWrp">
            <div class="CountAndPriceInnerWrp">
                <span id="Quantity" class="Quantity"></span>
                <span id="Separator" class="Separator">|</span>
                <div id="PriceWrp" class="PriceWrp">
                    <span id="TotalPrice" class="TotalPrice"></span>
                </div>
            </div>
        </div>
        <div id="AddBtnWrp" class="AddBtnWrp Btn">
            <a href="javascript:void(0)" class="Add"></a>
        </div>
    </div>
</div>

     
    
</div>
        
    </div>
    <div class="BasketQuantityWrp">
        <span id="BasketQuantity" class="BasketQuantity"></span>
    </div>
</li><li id="NgMspProductCell" class="NgMspProductCell MHS Expanded" ProductId="72025941" TrackingCode="3011.OVZa_zsv7ESYs9K7aA4MNQ" data-cartid="512">
    <div id="NgMspProductCellLabels" class="NgMspProductCellLabels">

 <a href="javascript:void(0)" id="SavingSuggestion" class="Label Action"><span class="LabelText"></span></a>
</div>
    
    
    
    <div class="ImageWrp" LinkType="NgProductPage">
        <img src="http://images-manager.mysupermarket.co.uk/Merchants/512/Products/72025941/v1/a_jar_for_liquorice_lovers_15kg_136.jpg" id="ProductImage" class="ProductImage" alt="A Jar for Liquorice Lovers (1.5kg)" />
        <div id="ViewDetailsbtn" class="ViewDetails"><span>View more details</span></div>
    </div>
    <div class="DetailsWrp">
        
<h3 class="Name"><a href="http://shops.mysupermarket.co.uk/merchant-the-sweetie-jar/product-72025941" id="ProductPageUrl" mouseoverable="true" tooltipcontent="A Jar for Liquorice Lovers (1.5kg)" boundaries="body" zindex="1500" LinkType="NgProductPage" class="ProductPageUrl MspTooltip" yoffset="0" width="200" delay="1000" maxwidth="298" clickable="false" arrow="true" direction="Right" useclickinsteadhoveronmobiledevices="true"><span class="Prefix">A Jar for Liquorice Lovers </span><span class="Suffix">(1.5kg)</span></a></h3>                
        <div id="NgMspProductCellPrice" class="NgMspProductCellPrice FreeDeliveryLabel" data-value="21.98">
    <span class="Price"><span class=Coin>£</span>21.98</span>
    
    

    
    <div class="PpuWrp">
    <span id="PPU" class="PPU"><span class="BeforeOffer"><span class=Coin>£</span>1.47</span><span> / </span>100g</span>
    </div>
    
    
</div>

        <div id="MerchantLinkWrp" class="MerchantLinkWrp">
    <a href="http://shops.mysupermarket.co.uk/merchant-the-sweetie-jar/home" id="MerchantLink" linktype="AjaxCloseNavigation">by The Sweetie Jar</a>        
</div>        
        
               
        
        <div id="CtaWrp" class="CtaWrp">  
    <div id="AddToBasketContainer" class="Cta RegularMode" linktype="NgUpdateBasket">
    <div class="SimpleModeWrp">
        <a href="javascript:void(0)" id="AddToBasket" class="Add">Add to basket</a>
    </div>
    <div class="ComplexModeWrp">
        <div id="RemoveBtnWrp" class="RemoveBtnWrp Btn">
            <a href="javascript:void(0)" class="Remove"></a>
        </div>
        <div id="CountAndPriceWrp" class="CountAndPriceWrp">
            <div class="CountAndPriceInnerWrp">
                <span id="Quantity" class="Quantity"></span>
                <span id="Separator" class="Separator">|</span>
                <div id="PriceWrp" class="PriceWrp">
                    <span id="TotalPrice" class="TotalPrice"></span>
                </div>
            </div>
        </div>
        <div id="AddBtnWrp" class="AddBtnWrp Btn">
            <a href="javascript:void(0)" class="Add"></a>
        </div>
    </div>
</div>

     
    
</div>
        
    </div>
    <div class="BasketQuantityWrp">
        <span id="BasketQuantity" class="BasketQuantity"></span>
    </div>
</li><li id="NgMspProductCell" class="NgMspProductCell MHS Expanded" ProductId="72037215" TrackingCode="3111.OVZa_zsv7ESYs9K7aA4MNQ" data-cartid="554">
    <div id="NgMspProductCellLabels" class="NgMspProductCellLabels">

 <a href="javascript:void(0)" id="SavingSuggestion" class="Label Action"><span class="LabelText"></span></a>
</div>
    
    
    
    <div class="ImageWrp" LinkType="NgProductPage">
        <img src="http://images-manager.mysupermarket.co.uk/Merchants/554/Products/72037215/v1/mexican_dark_chocolate_tart_50g_136.jpg" id="ProductImage" class="ProductImage" alt="Mexican Dark Chocolate Tart (50g)" />
        <div id="ViewDetailsbtn" class="ViewDetails"><span>View more details</span></div>
    </div>
    <div class="DetailsWrp">
        
<h3 class="Name"><a href="http://shops.mysupermarket.co.uk/merchant-the-spicery/product-72037215" id="ProductPageUrl" mouseoverable="true" tooltipcontent="Mexican Dark Chocolate Tart (50g)" boundaries="body" zindex="1500" LinkType="NgProductPage" class="ProductPageUrl MspTooltip" yoffset="0" width="200" delay="1000" maxwidth="298" clickable="false" arrow="true" direction="Right" useclickinsteadhoveronmobiledevices="true"><span class="Prefix">Mexican Dark Chocolate Tart </span><span class="Suffix">(50g)</span></a></h3>                
        <div id="NgMspProductCellPrice" class="NgMspProductCellPrice FreeDeliveryLabel" data-value="2.95">
    <span class="Price"><span class=Coin>£</span>2.95</span>
    
    

    
    <div class="PpuWrp">
    <span id="PPU" class="PPU"><span class="BeforeOffer"><span class=Coin>£</span>5.90</span><span> / </span>100g</span>
    </div>
    
    
</div>

        <div id="MerchantLinkWrp" class="MerchantLinkWrp">
    <a href="http://shops.mysupermarket.co.uk/merchant-the-spicery/home" id="MerchantLink" linktype="AjaxCloseNavigation">by The Spicery</a>        
</div>        
        
               
        
        <div id="CtaWrp" class="CtaWrp">  
    <div id="AddToBasketContainer" class="Cta RegularMode" linktype="NgUpdateBasket">
    <div class="SimpleModeWrp">
        <a href="javascript:void(0)" id="AddToBasket" class="Add">Add to basket</a>
    </div>
    <div class="ComplexModeWrp">
        <div id="RemoveBtnWrp" class="RemoveBtnWrp Btn">
            <a href="javascript:void(0)" class="Remove"></a>
        </div>
        <div id="CountAndPriceWrp" class="CountAndPriceWrp">
            <div class="CountAndPriceInnerWrp">
                <span id="Quantity" class="Quantity"></span>
                <span id="Separator" class="Separator">|</span>
                <div id="PriceWrp" class="PriceWrp">
                    <span id="TotalPrice" class="TotalPrice"></span>
                </div>
            </div>
        </div>
        <div id="AddBtnWrp" class="AddBtnWrp Btn">
            <a href="javascript:void(0)" class="Add"></a>
        </div>
    </div>
</div>

     
    
</div>
        
    </div>
    <div class="BasketQuantityWrp">
        <span id="BasketQuantity" class="BasketQuantity"></span>
    </div>
</li><li id="NgMspProductCell" class="NgMspProductCell MHS Expanded" ProductId="72062600" TrackingCode="3211.OVZa_zsv7ESYs9K7aA4MNQ" data-cartid="576">
    <div id="NgMspProductCellLabels" class="NgMspProductCellLabels">

 <a href="javascript:void(0)" id="SavingSuggestion" class="Label Action"><span class="LabelText"></span></a>
</div>
    
    
    
    <div class="ImageWrp" LinkType="NgProductPage">
        <img src="http://images-manager.mysupermarket.co.uk/Merchants/576/Products/72062600/v0/ca_di_alte_pinot_grigio_2014_750ml_136.jpg" id="ProductImage" class="ProductImage" alt="Ca di Alte Pinot Grigio 2014 (750ml)" />
        <div id="ViewDetailsbtn" class="ViewDetails"><span>View more details</span></div>
    </div>
    <div class="DetailsWrp">
        
<h3 class="Name"><a href="http://shops.mysupermarket.co.uk/merchant-31dovercom-drinks-delivered/product-72062600" id="ProductPageUrl" mouseoverable="true" tooltipcontent="Ca di Alte Pinot Grigio 2014 (750ml)" boundaries="body" zindex="1500" LinkType="NgProductPage" class="ProductPageUrl MspTooltip" yoffset="0" width="200" delay="1000" maxwidth="298" clickable="false" arrow="true" direction="Right" useclickinsteadhoveronmobiledevices="true"><span class="Prefix">Ca di Alte Pinot Grigio 2014 </span><span class="Suffix">(750ml)</span></a></h3>                
        <div id="NgMspProductCellPrice" class="NgMspProductCellPrice" data-value="9.99">
    <span class="Price"><span class=Coin>£</span>9.99</span>
    
    

    
    <div class="PpuWrp">
    <span id="PPU" class="PPU"><span class="BeforeOffer"><span class=Coin>£</span>1.33</span><span> / </span>100ml</span>
    </div>
    
    
</div>

        <div id="MerchantLinkWrp" class="MerchantLinkWrp">
    <a href="http://shops.mysupermarket.co.uk/merchant-31dovercom-drinks-delivered/home" id="MerchantLink" linktype="AjaxCloseNavigation">by 31DOVER.COM Drinks, Delivered.</a>        
</div>        
        
               
        
        <div id="CtaWrp" class="CtaWrp">  
    <div id="AddToBasketContainer" class="Cta RegularMode" linktype="NgUpdateBasket">
    <div class="SimpleModeWrp">
        <a href="javascript:void(0)" id="AddToBasket" class="Add">Add to basket</a>
    </div>
    <div class="ComplexModeWrp">
        <div id="RemoveBtnWrp" class="RemoveBtnWrp Btn">
            <a href="javascript:void(0)" class="Remove"></a>
        </div>
        <div id="CountAndPriceWrp" class="CountAndPriceWrp">
            <div class="CountAndPriceInnerWrp">
                <span id="Quantity" class="Quantity"></span>
                <span id="Separator" class="Separator">|</span>
                <div id="PriceWrp" class="PriceWrp">
                    <span id="TotalPrice" class="TotalPrice"></span>
                </div>
            </div>
        </div>
        <div id="AddBtnWrp" class="AddBtnWrp Btn">
            <a href="javascript:void(0)" class="Add"></a>
        </div>
    </div>
</div>

     
    
</div>
        
    </div>
    <div class="BasketQuantityWrp">
        <span id="BasketQuantity" class="BasketQuantity"></span>
    </div>
</li><li id="NgMspProductCell" class="NgMspProductCell MHS Expanded" ProductId="72061183" TrackingCode="3311.OVZa_zsv7ESYs9K7aA4MNQ" data-cartid="447">
    <div id="NgMspProductCellLabels" class="NgMspProductCellLabels">

 <a href="javascript:void(0)" id="SavingSuggestion" class="Label Action"><span class="LabelText"></span></a>
</div>
    
    
    
    <div class="ImageWrp" LinkType="NgProductPage">
        <img src="http://images-manager.mysupermarket.co.uk/Merchants/447/Products/72061183/v1/rococo_heart_box_no_1_with_mixed_ganaches_136.jpg" id="ProductImage" class="ProductImage" alt="Rococo Heart Box no. 1 with Mixed Ganaches (140g)" />
        <div id="ViewDetailsbtn" class="ViewDetails"><span>View more details</span></div>
    </div>
    <div class="DetailsWrp">
        
<h3 class="Name"><a href="http://shops.mysupermarket.co.uk/merchant-rococo-chocolates/product-72061183" id="ProductPageUrl" mouseoverable="true" tooltipcontent="Rococo Heart Box no. 1 with Mixed Ganaches (140g)" boundaries="body" zindex="1500" LinkType="NgProductPage" class="ProductPageUrl MspTooltip" yoffset="0" width="200" delay="1000" maxwidth="298" clickable="false" arrow="true" direction="Right" useclickinsteadhoveronmobiledevices="true"><span class="Prefix">Rococo Heart Box no. 1 with Mixed Ganaches </span><span class="Suffix">(140g)</span></a></h3>                
        <div id="NgMspProductCellPrice" class="NgMspProductCellPrice FreeDeliveryLabel" data-value="20.45">
    <span class="Price"><span class=Coin>£</span>20.45</span>
    
    

    
    <div class="PpuWrp">
    <span id="PPU" class="PPU"><span class="BeforeOffer"><span class=Coin>£</span>14.61</span><span> / </span>100g</span>
    </div>
    
    
</div>

        <div id="MerchantLinkWrp" class="MerchantLinkWrp">
    <a href="http://shops.mysupermarket.co.uk/merchant-rococo-chocolates/home" id="MerchantLink" linktype="AjaxCloseNavigation">by Rococo Chocolates </a>        
</div>        
        
               
        
        <div id="CtaWrp" class="CtaWrp">  
    <div id="AddToBasketContainer" class="Cta RegularMode" linktype="NgUpdateBasket">
    <div class="SimpleModeWrp">
        <a href="javascript:void(0)" id="AddToBasket" class="Add">Add to basket</a>
    </div>
    <div class="ComplexModeWrp">
        <div id="RemoveBtnWrp" class="RemoveBtnWrp Btn">
            <a href="javascript:void(0)" class="Remove"></a>
        </div>
        <div id="CountAndPriceWrp" class="CountAndPriceWrp">
            <div class="CountAndPriceInnerWrp">
                <span id="Quantity" class="Quantity"></span>
                <span id="Separator" class="Separator">|</span>
                <div id="PriceWrp" class="PriceWrp">
                    <span id="TotalPrice" class="TotalPrice"></span>
                </div>
            </div>
        </div>
        <div id="AddBtnWrp" class="AddBtnWrp Btn">
            <a href="javascript:void(0)" class="Add"></a>
        </div>
    </div>
</div>

     
    
</div>
        
    </div>
    <div class="BasketQuantityWrp">
        <span id="BasketQuantity" class="BasketQuantity"></span>
    </div>
</li><li id="NgMspProductCell" class="NgMspProductCell MHS Expanded" ProductId="72063565" TrackingCode="3411.OVZa_zsv7ESYs9K7aA4MNQ" data-cartid="487">
    <div id="NgMspProductCellLabels" class="NgMspProductCellLabels">
<div class="Label Offer" data="&lt;span class=Coin>£&lt;/span>22.95" linkType="NgProductPage"><span class="LabelText">Offer</span></div>
 <a href="javascript:void(0)" id="SavingSuggestion" class="Label Action"><span class="LabelText"></span></a>
</div>
    
    
    
    <div class="ImageWrp" LinkType="NgProductPage">
        <img src="http://images-manager.mysupermarket.co.uk/Merchants/487/Products/72063565/v0/argan-skin-renew-by-nourish-50ml_136.jpg" id="ProductImage" class="ProductImage" alt="Argan Skin Renew by Nourish (50ml)" />
        <div id="ViewDetailsbtn" class="ViewDetails"><span>View more details</span></div>
    </div>
    <div class="DetailsWrp">
        
<h3 class="Name"><a href="http://shops.mysupermarket.co.uk/merchant-greenwich-pantry/product-72063565" id="ProductPageUrl" mouseoverable="true" tooltipcontent="Argan Skin Renew by Nourish (50ml)" boundaries="body" zindex="1500" LinkType="NgProductPage" class="ProductPageUrl MspTooltip" yoffset="0" width="200" delay="1000" maxwidth="298" clickable="false" arrow="true" direction="Right" useclickinsteadhoveronmobiledevices="true"><span class="Prefix">Argan Skin Renew by Nourish </span><span class="Suffix">(50ml)</span></a></h3>                
        <div id="NgMspProductCellPrice" class="NgMspProductCellPrice PriceDiscount" data-value="22.95">
    <span class="Price"><span class=Coin>£</span>27.00</span>
    <span id="OfferStub" class="Offer"><span class=Coin>£</span>22.95</span>
    

    
    <div class="PpuWrp">
    <span id="PPU" class="PPU"><span class="AfterOffer"><span class=Coin>£</span>45.90</span><span> / </span>100ml</span>
    </div>
    
    
</div>

        <div id="MerchantLinkWrp" class="MerchantLinkWrp">
    <a href="http://shops.mysupermarket.co.uk/merchant-greenwich-pantry/home" id="MerchantLink" linktype="AjaxCloseNavigation">by Greenwich Pantry</a>        
</div>        
        
               
        
        <div id="CtaWrp" class="CtaWrp">  
    <div id="AddToBasketContainer" class="Cta RegularMode" linktype="NgUpdateBasket">
    <div class="SimpleModeWrp">
        <a href="javascript:void(0)" id="AddToBasket" class="Add">Add to basket</a>
    </div>
    <div class="ComplexModeWrp">
        <div id="RemoveBtnWrp" class="RemoveBtnWrp Btn">
            <a href="javascript:void(0)" class="Remove"></a>
        </div>
        <div id="CountAndPriceWrp" class="CountAndPriceWrp">
            <div class="CountAndPriceInnerWrp">
                <span id="Quantity" class="Quantity"></span>
                <span id="Separator" class="Separator">|</span>
                <div id="PriceWrp" class="PriceWrp">
                    <span id="TotalPrice" class="TotalPrice"></span>
                </div>
            </div>
        </div>
        <div id="AddBtnWrp" class="AddBtnWrp Btn">
            <a href="javascript:void(0)" class="Add"></a>
        </div>
    </div>
</div>

     
    
</div>
        
    </div>
    <div class="BasketQuantityWrp">
        <span id="BasketQuantity" class="BasketQuantity"></span>
    </div>
</li><li id="NgMspProductCell" class="NgMspProductCell MHS Expanded" ProductId="72063966" TrackingCode="3511.OVZa_zsv7ESYs9K7aA4MNQ" data-cartid="454">
    <div id="NgMspProductCellLabels" class="NgMspProductCellLabels">

 <a href="javascript:void(0)" id="SavingSuggestion" class="Label Action"><span class="LabelText"></span></a>
</div>
    
    
    
    <div class="ImageWrp" LinkType="NgProductPage">
        <img src="http://images-manager.mysupermarket.co.uk/Merchants/454/Products/72063966/v0/bunny-and-money-lollipops_136.jpg" id="ProductImage" class="ProductImage" alt="Bunny &amp; Money Lollipops (50g)" />
        <div id="ViewDetailsbtn" class="ViewDetails"><span>View more details</span></div>
    </div>
    <div class="DetailsWrp">
        
<h3 class="Name"><a href="http://shops.mysupermarket.co.uk/merchant-parsnips-and-pears/product-72063966" id="ProductPageUrl" mouseoverable="true" tooltipcontent="Bunny &amp; Money Lollipops (50g)" boundaries="body" zindex="1500" LinkType="NgProductPage" class="ProductPageUrl MspTooltip" yoffset="0" width="200" delay="1000" maxwidth="298" clickable="false" arrow="true" direction="Right" useclickinsteadhoveronmobiledevices="true"><span class="Prefix">Bunny & Money Lollipops </span><span class="Suffix">(50g)</span></a></h3>                
        <div id="NgMspProductCellPrice" class="NgMspProductCellPrice" data-value="1.25">
    <span class="Price"><span class=Coin>£</span>1.25</span>
    
    

    
    <div class="PpuWrp">
    <span id="PPU" class="PPU"><span class="BeforeOffer"><span class=Coin>£</span>2.50</span><span> / </span>100g</span>
    </div>
    
    
</div>

        <div id="MerchantLinkWrp" class="MerchantLinkWrp">
    <a href="http://shops.mysupermarket.co.uk/merchant-parsnips-and-pears/home" id="MerchantLink" linktype="AjaxCloseNavigation">by Parsnips and Pears</a>        
</div>        
        
               
        
        <div id="CtaWrp" class="CtaWrp">  
    <div id="AddToBasketContainer" class="Cta RegularMode" linktype="NgUpdateBasket">
    <div class="SimpleModeWrp">
        <a href="javascript:void(0)" id="AddToBasket" class="Add">Add to basket</a>
    </div>
    <div class="ComplexModeWrp">
        <div id="RemoveBtnWrp" class="RemoveBtnWrp Btn">
            <a href="javascript:void(0)" class="Remove"></a>
        </div>
        <div id="CountAndPriceWrp" class="CountAndPriceWrp">
            <div class="CountAndPriceInnerWrp">
                <span id="Quantity" class="Quantity"></span>
                <span id="Separator" class="Separator">|</span>
                <div id="PriceWrp" class="PriceWrp">
                    <span id="TotalPrice" class="TotalPrice"></span>
                </div>
            </div>
        </div>
        <div id="AddBtnWrp" class="AddBtnWrp Btn">
            <a href="javascript:void(0)" class="Add"></a>
        </div>
    </div>
</div>

     
    
</div>
        
    </div>
    <div class="BasketQuantityWrp">
        <span id="BasketQuantity" class="BasketQuantity"></span>
    </div>
</li><li id="NgMspProductCell" class="NgMspProductCell MHS Expanded" ProductId="72056215" TrackingCode="3611.OVZa_zsv7ESYs9K7aA4MNQ" data-cartid="522">
    <div id="NgMspProductCellLabels" class="NgMspProductCellLabels">

 <a href="javascript:void(0)" id="SavingSuggestion" class="Label Action"><span class="LabelText"></span></a>
</div>
    
    
    
    <div class="ImageWrp" LinkType="NgProductPage">
        <img src="http://images-manager.mysupermarket.co.uk/Merchants/522/Products/72056215/v1/brecon_special_reserve_dry_gin_700ml_136.jpg" id="ProductImage" class="ProductImage" alt="Brecon Special Reserve Dry Gin  (700ml)" />
        <div id="ViewDetailsbtn" class="ViewDetails"><span>View more details</span></div>
    </div>
    <div class="DetailsWrp">
        
<h3 class="Name"><a href="http://shops.mysupermarket.co.uk/merchant-blas-ar-fwyd/product-72056215" id="ProductPageUrl" mouseoverable="true" tooltipcontent="Brecon Special Reserve Dry Gin  (700ml)" boundaries="body" zindex="1500" LinkType="NgProductPage" class="ProductPageUrl MspTooltip" yoffset="0" width="200" delay="1000" maxwidth="298" clickable="false" arrow="true" direction="Right" useclickinsteadhoveronmobiledevices="true"><span class="Prefix">Brecon Special Reserve Dry Gin  </span><span class="Suffix">(700ml)</span></a></h3>                
        <div id="NgMspProductCellPrice" class="NgMspProductCellPrice" data-value="21.99">
    <span class="Price"><span class=Coin>£</span>21.99</span>
    
    

    
    <div class="PpuWrp">
    <span id="PPU" class="PPU"><span class="BeforeOffer"><span class=Coin>£</span>3.14</span><span> / </span>100ml</span>
    </div>
    
    
</div>

        <div id="MerchantLinkWrp" class="MerchantLinkWrp">
    <a href="http://shops.mysupermarket.co.uk/merchant-blas-ar-fwyd/home" id="MerchantLink" linktype="AjaxCloseNavigation">by Blas ar Fwyd</a>        
</div>        
        
               
        
        <div id="CtaWrp" class="CtaWrp">  
    <div id="AddToBasketContainer" class="Cta RegularMode" linktype="NgUpdateBasket">
    <div class="SimpleModeWrp">
        <a href="javascript:void(0)" id="AddToBasket" class="Add">Add to basket</a>
    </div>
    <div class="ComplexModeWrp">
        <div id="RemoveBtnWrp" class="RemoveBtnWrp Btn">
            <a href="javascript:void(0)" class="Remove"></a>
        </div>
        <div id="CountAndPriceWrp" class="CountAndPriceWrp">
            <div class="CountAndPriceInnerWrp">
                <span id="Quantity" class="Quantity"></span>
                <span id="Separator" class="Separator">|</span>
                <div id="PriceWrp" class="PriceWrp">
                    <span id="TotalPrice" class="TotalPrice"></span>
                </div>
            </div>
        </div>
        <div id="AddBtnWrp" class="AddBtnWrp Btn">
            <a href="javascript:void(0)" class="Add"></a>
        </div>
    </div>
</div>

     
    
</div>
        
    </div>
    <div class="BasketQuantityWrp">
        <span id="BasketQuantity" class="BasketQuantity"></span>
    </div>
</li><li id="NgMspProductCell" class="NgMspProductCell MHS Expanded" ProductId="72027393" TrackingCode="3711.OVZa_zsv7ESYs9K7aA4MNQ" data-cartid="563">
    <div id="NgMspProductCellLabels" class="NgMspProductCellLabels">

 <a href="javascript:void(0)" id="SavingSuggestion" class="Label Action"><span class="LabelText"></span></a>
</div>
    
    
    
    <div class="ImageWrp" LinkType="NgProductPage">
        <img src="http://images-manager.mysupermarket.co.uk/Merchants/563/Products/72027393/v2/best_sellers_gift_box_8x36g_136.jpg" id="ProductImage" class="ProductImage" alt="Best Sellers Gift Box (8x36g)" />
        <div id="ViewDetailsbtn" class="ViewDetails"><span>View more details</span></div>
    </div>
    <div class="DetailsWrp">
        
<h3 class="Name"><a href="http://shops.mysupermarket.co.uk/merchant-pop-kakery/product-72027393" id="ProductPageUrl" mouseoverable="true" tooltipcontent="Best Sellers Gift Box (8x36g)" boundaries="body" zindex="1500" LinkType="NgProductPage" class="ProductPageUrl MspTooltip" yoffset="0" width="200" delay="1000" maxwidth="298" clickable="false" arrow="true" direction="Right" useclickinsteadhoveronmobiledevices="true"><span class="Prefix">Best Sellers Gift Box </span><span class="Suffix">(8x36g)</span></a></h3>                
        <div id="NgMspProductCellPrice" class="NgMspProductCellPrice" data-value="12">
    <span class="Price"><span class=Coin>£</span>12.00</span>
    
    

    
    <div class="PpuWrp">
    <span id="PPU" class="PPU"><span class="BeforeOffer">52.1<span class=Penny>p</span></span><span> / </span>100g</span>
    </div>
    
    
</div>

        <div id="MerchantLinkWrp" class="MerchantLinkWrp">
    <a href="http://shops.mysupermarket.co.uk/merchant-pop-kakery/home" id="MerchantLink" linktype="AjaxCloseNavigation">by Pop Kakery</a>        
</div>        
        
               
        
        <div id="CtaWrp" class="CtaWrp">  
    <div id="AddToBasketContainer" class="Cta RegularMode" linktype="NgUpdateBasket">
    <div class="SimpleModeWrp">
        <a href="javascript:void(0)" id="AddToBasket" class="Add">Add to basket</a>
    </div>
    <div class="ComplexModeWrp">
        <div id="RemoveBtnWrp" class="RemoveBtnWrp Btn">
            <a href="javascript:void(0)" class="Remove"></a>
        </div>
        <div id="CountAndPriceWrp" class="CountAndPriceWrp">
            <div class="CountAndPriceInnerWrp">
                <span id="Quantity" class="Quantity"></span>
                <span id="Separator" class="Separator">|</span>
                <div id="PriceWrp" class="PriceWrp">
                    <span id="TotalPrice" class="TotalPrice"></span>
                </div>
            </div>
        </div>
        <div id="AddBtnWrp" class="AddBtnWrp Btn">
            <a href="javascript:void(0)" class="Add"></a>
        </div>
    </div>
</div>

     
    
</div>
        
    </div>
    <div class="BasketQuantityWrp">
        <span id="BasketQuantity" class="BasketQuantity"></span>
    </div>
</li><li id="NgMspProductCell" class="NgMspProductCell MHS Expanded" ProductId="72001702" TrackingCode="3811.OVZa_zsv7ESYs9K7aA4MNQ" data-cartid="453">
    <div id="NgMspProductCellLabels" class="NgMspProductCellLabels">

 <a href="javascript:void(0)" id="SavingSuggestion" class="Label Action"><span class="LabelText"></span></a>
</div>
    
    
    
    <div class="ImageWrp" LinkType="NgProductPage">
        <img src="http://images-manager.mysupermarket.co.uk/Merchants/453/Products/72001702/v3/retro_cupcakes_12x100g_136.jpg" id="ProductImage" class="ProductImage" alt="Retro Cupcakes  (12x100g)" />
        <div id="ViewDetailsbtn" class="ViewDetails"><span>View more details</span></div>
    </div>
    <div class="DetailsWrp">
        
<h3 class="Name"><a href="http://shops.mysupermarket.co.uk/merchant-rachaels-kitchen/product-72001702" id="ProductPageUrl" mouseoverable="true" tooltipcontent="Retro Cupcakes  (12x100g)" boundaries="body" zindex="1500" LinkType="NgProductPage" class="ProductPageUrl MspTooltip" yoffset="0" width="200" delay="1000" maxwidth="298" clickable="false" arrow="true" direction="Right" useclickinsteadhoveronmobiledevices="true"><span class="Prefix">Retro Cupcakes  </span><span class="Suffix">(12x100g)</span></a></h3>                
        <div id="NgMspProductCellPrice" class="NgMspProductCellPrice" data-value="32">
    <span class="Price"><span class=Coin>£</span>32.00</span>
    
    

    
    <div class="PpuWrp">
    <span id="PPU" class="PPU"><span class="BeforeOffer">22.2<span class=Penny>p</span></span><span> / </span>100g</span>
    </div>
    
    
</div>

        <div id="MerchantLinkWrp" class="MerchantLinkWrp">
    <a href="http://shops.mysupermarket.co.uk/merchant-rachaels-kitchen/home" id="MerchantLink" linktype="AjaxCloseNavigation">by Rachael's Kitchen</a>        
</div>        
        
               
        
        <div id="CtaWrp" class="CtaWrp">  
    <div id="AddToBasketContainer" class="Cta RegularMode" linktype="NgUpdateBasket">
    <div class="SimpleModeWrp">
        <a href="javascript:void(0)" id="AddToBasket" class="Add">Add to basket</a>
    </div>
    <div class="ComplexModeWrp">
        <div id="RemoveBtnWrp" class="RemoveBtnWrp Btn">
            <a href="javascript:void(0)" class="Remove"></a>
        </div>
        <div id="CountAndPriceWrp" class="CountAndPriceWrp">
            <div class="CountAndPriceInnerWrp">
                <span id="Quantity" class="Quantity"></span>
                <span id="Separator" class="Separator">|</span>
                <div id="PriceWrp" class="PriceWrp">
                    <span id="TotalPrice" class="TotalPrice"></span>
                </div>
            </div>
        </div>
        <div id="AddBtnWrp" class="AddBtnWrp Btn">
            <a href="javascript:void(0)" class="Add"></a>
        </div>
    </div>
</div>

     
    
</div>
        
    </div>
    <div class="BasketQuantityWrp">
        <span id="BasketQuantity" class="BasketQuantity"></span>
    </div>
</li><li id="NgMspProductCell" class="NgMspProductCell MHS Expanded" ProductId="72001442" TrackingCode="3911.OVZa_zsv7ESYs9K7aA4MNQ" data-cartid="451">
    <div id="NgMspProductCellLabels" class="NgMspProductCellLabels">

 <a href="javascript:void(0)" id="SavingSuggestion" class="Label Action"><span class="LabelText"></span></a>
</div>
    
    
    
    <div class="ImageWrp" LinkType="NgProductPage">
        <img src="http://images-manager.mysupermarket.co.uk/Merchants/451/Products/72001442/v3/artisan_treasure_scottish_hamper_136.jpg" id="ProductImage" class="ProductImage" alt="Artisan Treasure Scottish Hamper" />
        <div id="ViewDetailsbtn" class="ViewDetails"><span>View more details</span></div>
    </div>
    <div class="DetailsWrp">
        
<h3 class="Name"><a href="http://shops.mysupermarket.co.uk/merchant-highland-fayre-hampers/product-72001442" id="ProductPageUrl" mouseoverable="true" tooltipcontent="Artisan Treasure Scottish Hamper" boundaries="body" zindex="1500" LinkType="NgProductPage" class="ProductPageUrl MspTooltip" yoffset="0" width="200" delay="1000" maxwidth="298" clickable="false" arrow="true" direction="Right" useclickinsteadhoveronmobiledevices="true"><span class="Prefix">Artisan Treasure Scottish Hamper</span><span class="Suffix"></span></a></h3>                
        <div id="NgMspProductCellPrice" class="NgMspProductCellPrice" data-value="49.86">
    <span class="Price"><span class=Coin>£</span>49.86</span>
    
    

    
    <div class="PpuWrp">
    <span id="PPU" class="PPU"><span class="BeforeOffer"><span class=Coin>£</span>49.86</span><span> / </span>each</span>
    </div>
    
    
</div>

        <div id="MerchantLinkWrp" class="MerchantLinkWrp">
    <a href="http://shops.mysupermarket.co.uk/merchant-highland-fayre-hampers/home" id="MerchantLink" linktype="AjaxCloseNavigation">by Highland Fayre Hampers</a>        
</div>        
        
               
        
        <div id="CtaWrp" class="CtaWrp">  
    <div id="AddToBasketContainer" class="Cta RegularMode" linktype="NgUpdateBasket">
    <div class="SimpleModeWrp">
        <a href="javascript:void(0)" id="AddToBasket" class="Add">Add to basket</a>
    </div>
    <div class="ComplexModeWrp">
        <div id="RemoveBtnWrp" class="RemoveBtnWrp Btn">
            <a href="javascript:void(0)" class="Remove"></a>
        </div>
        <div id="CountAndPriceWrp" class="CountAndPriceWrp">
            <div class="CountAndPriceInnerWrp">
                <span id="Quantity" class="Quantity"></span>
                <span id="Separator" class="Separator">|</span>
                <div id="PriceWrp" class="PriceWrp">
                    <span id="TotalPrice" class="TotalPrice"></span>
                </div>
            </div>
        </div>
        <div id="AddBtnWrp" class="AddBtnWrp Btn">
            <a href="javascript:void(0)" class="Add"></a>
        </div>
    </div>
</div>

     
    
</div>
        
    </div>
    <div class="BasketQuantityWrp">
        <span id="BasketQuantity" class="BasketQuantity"></span>
    </div>
</li><li id="NgMspProductCell" class="NgMspProductCell MHS Expanded" ProductId="72002040" TrackingCode="4011.OVZa_zsv7ESYs9K7aA4MNQ" data-cartid="458">
    <div id="NgMspProductCellLabels" class="NgMspProductCellLabels">

 <a href="javascript:void(0)" id="SavingSuggestion" class="Label Action"><span class="LabelText"></span></a>
</div>
    
    
    
    <div class="ImageWrp" LinkType="NgProductPage">
        <img src="http://images-manager.mysupermarket.co.uk/Merchants/458/Products/72002040/v3/forever_england_mixed_case_of_british_beer_12x500ml_136.jpg" id="ProductImage" class="ProductImage" alt="Forever England - Mixed Case of British Beer (12x500ml)" />
        <div id="ViewDetailsbtn" class="ViewDetails"><span>View more details</span></div>
    </div>
    <div class="DetailsWrp">
        
<h3 class="Name"><a href="http://shops.mysupermarket.co.uk/merchant-best-of-british-beer/product-72002040" id="ProductPageUrl" mouseoverable="true" tooltipcontent="Forever England - Mixed Case of British Beer (12x500ml)" boundaries="body" zindex="1500" LinkType="NgProductPage" class="ProductPageUrl MspTooltip" yoffset="0" width="200" delay="1000" maxwidth="298" clickable="false" arrow="true" direction="Right" useclickinsteadhoveronmobiledevices="true"><span class="Prefix">Forever England - Mixed Case of British Beer </span><span class="Suffix">(12x500ml)</span></a></h3>                
        <div id="NgMspProductCellPrice" class="NgMspProductCellPrice" data-value="32.99">
    <span class="Price"><span class=Coin>£</span>32.99</span>
    
    

    
    <div class="PpuWrp">
    <span id="PPU" class="PPU"><span class="BeforeOffer">55<span class=Penny>p</span></span><span> / </span>100ml</span>
    </div>
    
    
</div>

        <div id="MerchantLinkWrp" class="MerchantLinkWrp">
    <a href="http://shops.mysupermarket.co.uk/merchant-best-of-british-beer/home" id="MerchantLink" linktype="AjaxCloseNavigation">by Best of British Beer</a>        
</div>        
        
               
        
        <div id="CtaWrp" class="CtaWrp">  
    <div id="AddToBasketContainer" class="Cta RegularMode" linktype="NgUpdateBasket">
    <div class="SimpleModeWrp">
        <a href="javascript:void(0)" id="AddToBasket" class="Add">Add to basket</a>
    </div>
    <div class="ComplexModeWrp">
        <div id="RemoveBtnWrp" class="RemoveBtnWrp Btn">
            <a href="javascript:void(0)" class="Remove"></a>
        </div>
        <div id="CountAndPriceWrp" class="CountAndPriceWrp">
            <div class="CountAndPriceInnerWrp">
                <span id="Quantity" class="Quantity"></span>
                <span id="Separator" class="Separator">|</span>
                <div id="PriceWrp" class="PriceWrp">
                    <span id="TotalPrice" class="TotalPrice"></span>
                </div>
            </div>
        </div>
        <div id="AddBtnWrp" class="AddBtnWrp Btn">
            <a href="javascript:void(0)" class="Add"></a>
        </div>
    </div>
</div>

     
    
</div>
        
    </div>
    <div class="BasketQuantityWrp">
        <span id="BasketQuantity" class="BasketQuantity"></span>
    </div>
</li>
    </ul>
</div>
<script type="text/javascript">$(function() {
Msp.NgMspProductList.Init({"cellSelector":".NgMspProductCell", "galleryNumberOfSlide_1024":0, "listId":"ULProductList0", "galleryMode":false, "isInPopup":false, "index":0, "galleryNumberOfSlide":4, "listType":"HubList"});
});</script>
    <div id="PagerDiv" class="MspPager">



<div class="Box"><a id="PrevPage" class="PrevPage Disabled" title="Previouse Page" rel="nofollow" LinkType="Ajax" href="http://shops.mysupermarket.co.uk/department-gifts">Previous</a><div id="PagerText" class="PagerText"><span class='Range'>1-41</span> of 257</div><a id="NextPage" class="NextPage" title="Next Page" rel="nofollow" LinkType="Ajax" href="http://shops.mysupermarket.co.uk/department-gifts?page=2">Next</a></div>
</div>




    <div class="HubContainer">
    

<div class="MspHsHubMerchantsList">
<div class="HubListTitle">
    <span id="MerchantsListTitle">Gifts shops</span>
    <span id="MerchantsListCount" class="HubListTitleCount">(23)</span>
</div>
<ul id="MerchantsList" class="MerchantsList">
    
<li id="MerchantCell">
    <a id="MerchantLink" linktype="AjaxCloseNavigation" href="http://shops.mysupermarket.co.uk/merchant-55-above/home">
        <div class="ImageWrp">
            <img id="Logo" src="http://images-manager.mysupermarket.co.uk/Merchants/606/Global/LifestyleImage/v1/55-above_lifestyleImage_245.jpg" style="height:152px;width:245px;" />
        </div>
        
 <div class="MerchantDetailsWrp">
        <img id="ProfileImage" class="ProfileImage" src="http://images-manager.mysupermarket.co.uk/Merchants/606/Global/ProfileImage/v1/55-above_profileimage_67.jpg" style="height:65px;width:65px;" />
        
        <div class="MerchantDetails">
            <div id="Name" class="MerchantName">55 Above <span>(14)</span></div>
            <div id="City" class="MerchantLocation">Brentwood</div>
            
            <div id="FreeDelivery" class="MerchantFreeDelivery">Free delivery over <span class=Coin>£</span>30.00</div>
        </div>
    </div></a>
</li><li id="MerchantCell">
    <a id="MerchantLink" linktype="AjaxCloseNavigation" href="http://shops.mysupermarket.co.uk/merchant-spice-kitchen/home">
        <div class="ImageWrp">
            <img id="Logo" src="http://images-manager.mysupermarket.co.uk/Merchants/599/Global/LifestyleImage/v0/spice-kitchen_lifestyleImage_245.jpg" style="height:152px;width:245px;" />
        </div>
        
 <div class="MerchantDetailsWrp">
        <img id="ProfileImage" class="ProfileImage" src="http://images-manager.mysupermarket.co.uk/Merchants/599/Global/ProfileImage/v0/spice-kitchen_profileimage_67.jpg" style="height:65px;width:65px;" />
        
        <div class="MerchantDetails">
            <div id="Name" class="MerchantName">Spice Kitchen <span>(16)</span></div>
            <div id="City" class="MerchantLocation">Walsall</div>
            
            <div id="FreeDelivery" class="MerchantFreeDelivery">Free delivery</div>
        </div>
    </div></a>
</li><li id="MerchantCell">
    <a id="MerchantLink" linktype="AjaxCloseNavigation" href="http://shops.mysupermarket.co.uk/merchant-hamiltons-chocolates/home">
        <div class="ImageWrp">
            <img id="Logo" src="http://images-manager.mysupermarket.co.uk/Merchants/452/Global/LifestyleImage/v0/hamiltons_chocolates_lifestyleImage_245.jpg" style="height:152px;width:245px;" />
        </div>
        
 <div class="MerchantDetailsWrp">
        <img id="ProfileImage" class="ProfileImage" src="http://images-manager.mysupermarket.co.uk/Merchants/452/Global/ProfileImage/v2/hamiltons-chocolates_profileimage_67.jpg" style="height:65px;width:65px;" />
        
        <div class="MerchantDetails">
            <div id="Name" class="MerchantName">Hamiltons Chocolates  <span>(25)</span></div>
            <div id="City" class="MerchantLocation">Alcester</div>
            
            
        </div>
    </div></a>
</li><li id="MerchantCell">
    <a id="MerchantLink" linktype="AjaxCloseNavigation" href="http://shops.mysupermarket.co.uk/merchant-wicked-and-amp-wonderful/home">
        <div class="ImageWrp">
            <img id="Logo" src="http://images-manager.mysupermarket.co.uk/Merchants/580/Global/LifestyleImage/v0/wicked-and-amp-wonderful_lifestyleImage_245.jpg" style="height:152px;width:245px;" />
        </div>
        
 <div class="MerchantDetailsWrp">
        <img id="ProfileImage" class="ProfileImage" src="http://images-manager.mysupermarket.co.uk/Merchants/580/Global/ProfileImage/v0/wicked-and-amp-wonderful_profileimage_67.jpg" style="height:65px;width:65px;" />
        
        <div class="MerchantDetails">
            <div id="Name" class="MerchantName">Wicked &amp; Wonderful <span>(12)</span></div>
            <div id="City" class="MerchantLocation">Cheltenham</div>
            
            <div id="FreeDelivery" class="MerchantFreeDelivery">Free delivery over <span class=Coin>£</span>70.00</div>
        </div>
    </div></a>
</li><li id="MerchantCell">
    <a id="MerchantLink" linktype="AjaxCloseNavigation" href="http://shops.mysupermarket.co.uk/merchant-31dovercom-drinks-delivered/home">
        <div class="ImageWrp">
            <img id="Logo" src="http://images-manager.mysupermarket.co.uk/Merchants/576/Global/LifestyleImage/v0/31dovercom_your_drinks_delivered_lifestyleImage_245.jpg" style="height:152px;width:245px;" />
        </div>
        
 <div class="MerchantDetailsWrp">
        <img id="ProfileImage" class="ProfileImage" src="http://images-manager.mysupermarket.co.uk/Merchants/576/Global/ProfileImage/v0/31dovercom_your_drinks_delivered_profileimage_67.jpg" style="height:65px;width:65px;" />
        
        <div class="MerchantDetails">
            <div id="Name" class="MerchantName">31DOVER.COM Drinks, Delivered. <span>(33)</span></div>
            <div id="City" class="MerchantLocation">London</div>
            
            <div id="FreeDelivery" class="MerchantFreeDelivery">Free delivery over <span class=Coin>£</span>100.00</div>
        </div>
    </div></a>
</li><li id="MerchantCell">
    <a id="MerchantLink" linktype="AjaxCloseNavigation" href="http://shops.mysupermarket.co.uk/merchant-pop-kakery/home">
        <div class="ImageWrp">
            <img id="Logo" src="http://images-manager.mysupermarket.co.uk/Merchants/563/Global/LifestyleImage/v0/pop_kakery_lifestyleImage_245.jpg" style="height:152px;width:245px;" />
        </div>
        
 <div class="MerchantDetailsWrp">
        <img id="ProfileImage" class="ProfileImage" src="http://images-manager.mysupermarket.co.uk/Merchants/563/Global/ProfileImage/v0/pop_kakery_profileimage_67.jpg" style="height:65px;width:65px;" />
        
        <div class="MerchantDetails">
            <div id="Name" class="MerchantName">Pop Kakery <span>(9)</span></div>
            <div id="City" class="MerchantLocation">Great Horwood, Bucks</div>
            
            <div id="FreeDelivery" class="MerchantFreeDelivery">Free delivery over <span class=Coin>£</span>50.00</div>
        </div>
    </div></a>
</li><li id="MerchantCell">
    <a id="MerchantLink" linktype="AjaxCloseNavigation" href="http://shops.mysupermarket.co.uk/merchant-the-konjac-sponge-co-ltd/home">
        <div class="ImageWrp">
            <img id="Logo" src="http://images-manager.mysupermarket.co.uk/Merchants/545/Global/LifestyleImage/v0/the_konjac_sponge_co_ltd_lifestyleImage_245.jpg" style="height:152px;width:245px;" />
        </div>
        
 <div class="MerchantDetailsWrp">
        <img id="ProfileImage" class="ProfileImage" src="http://images-manager.mysupermarket.co.uk/Merchants/545/Global/ProfileImage/v0/the_konjac_sponge_co_ltd_profileimage_67.jpg" style="height:65px;width:65px;" />
        
        <div class="MerchantDetails">
            <div id="Name" class="MerchantName">The Konjac Sponge Co Ltd <span>(12)</span></div>
            <div id="City" class="MerchantLocation">Milton Keynes</div>
            
            
        </div>
    </div></a>
</li><li id="MerchantCell">
    <a id="MerchantLink" linktype="AjaxCloseNavigation" href="http://shops.mysupermarket.co.uk/merchant-sugarsin/home">
        <div class="ImageWrp">
            <img id="Logo" src="http://images-manager.mysupermarket.co.uk/Merchants/575/Global/LifestyleImage/v1/sugarsin_lifestyleImage_245.jpg" style="height:152px;width:245px;" />
        </div>
        
 <div class="MerchantDetailsWrp">
        <img id="ProfileImage" class="ProfileImage" src="http://images-manager.mysupermarket.co.uk/Merchants/575/Global/ProfileImage/v1/sugarsin_profileimage_67.jpg" style="height:65px;width:65px;" />
        
        <div class="MerchantDetails">
            <div id="Name" class="MerchantName">SugarSin <span>(8)</span></div>
            <div id="City" class="MerchantLocation">London</div>
            
            <div id="FreeDelivery" class="MerchantFreeDelivery">Free delivery over <span class=Coin>£</span>30.00</div>
        </div>
    </div></a>
</li><li id="MerchantCell">
    <a id="MerchantLink" linktype="AjaxCloseNavigation" href="http://shops.mysupermarket.co.uk/merchant-bake-at-home-ltd/home">
        <div class="ImageWrp">
            <img id="Logo" src="http://images-manager.mysupermarket.co.uk/Merchants/574/Global/LifestyleImage/v0/bake_at_home_ltd_lifestyleImage_245.jpg" style="height:152px;width:245px;" />
        </div>
        
 <div class="MerchantDetailsWrp">
        <img id="ProfileImage" class="ProfileImage" src="http://images-manager.mysupermarket.co.uk/Merchants/574/Global/ProfileImage/v0/bake_at_home_ltd_profileimage_67.jpg" style="height:65px;width:65px;" />
        
        <div class="MerchantDetails">
            <div id="Name" class="MerchantName">Bake at Home Ltd <span>(10)</span></div>
            <div id="City" class="MerchantLocation">Southampton</div>
            
            <div id="FreeDelivery" class="MerchantFreeDelivery">Free delivery over <span class=Coin>£</span>30.00</div>
        </div>
    </div></a>
</li><li id="MerchantCell">
    <a id="MerchantLink" linktype="AjaxCloseNavigation" href="http://shops.mysupermarket.co.uk/merchant-the-naked-marshmallow-co/home">
        <div class="ImageWrp">
            <img id="Logo" src="http://images-manager.mysupermarket.co.uk/Merchants/608/Global/LifestyleImage/v1/the-naked-marshmallow-co_lifestyleImage_245.jpg" style="height:152px;width:245px;" />
        </div>
        
 <div class="MerchantDetailsWrp">
        <img id="ProfileImage" class="ProfileImage" src="http://images-manager.mysupermarket.co.uk/Merchants/608/Global/ProfileImage/v0/the-naked-marshmallow-co_profileimage_67.jpg" style="height:65px;width:65px;" />
        
        <div class="MerchantDetails">
            <div id="Name" class="MerchantName">The Naked Marshmallow Co.  <span>(12)</span></div>
            <div id="City" class="MerchantLocation">Worksop</div>
            
            <div id="FreeDelivery" class="MerchantFreeDelivery">Free delivery over <span class=Coin>£</span>30.00</div>
        </div>
    </div></a>
</li><li id="MerchantCell">
    <a id="MerchantLink" linktype="AjaxCloseNavigation" href="http://shops.mysupermarket.co.uk/merchant-kold-cocktails/home">
        <div class="ImageWrp">
            <img id="Logo" src="http://images-manager.mysupermarket.co.uk/Merchants/539/Global/LifestyleImage/v0/kold_cocktails_lifestyleImage_245.jpg" style="height:152px;width:245px;" />
        </div>
        
 <div class="MerchantDetailsWrp">
        <img id="ProfileImage" class="ProfileImage" src="http://images-manager.mysupermarket.co.uk/Merchants/539/Global/ProfileImage/v0/kold_cocktails_profileimage_67.jpg" style="height:65px;width:65px;" />
        
        <div class="MerchantDetails">
            <div id="Name" class="MerchantName">KÖLD Cocktails <span>(6)</span></div>
            <div id="City" class="MerchantLocation">London</div>
            
            <div id="FreeDelivery" class="MerchantFreeDelivery">Free delivery over <span class=Coin>£</span>25.00</div>
        </div>
    </div></a>
</li><li id="MerchantCell">
    <a id="MerchantLink" linktype="AjaxCloseNavigation" href="http://shops.mysupermarket.co.uk/merchant-bonny-confectionery/home">
        <div class="ImageWrp">
            <img id="Logo" src="http://images-manager.mysupermarket.co.uk/Merchants/562/Global/LifestyleImage/v0/bonny_confectionery_lifestyleImage_245.jpg" style="height:152px;width:245px;" />
        </div>
        
 <div class="MerchantDetailsWrp">
        <img id="ProfileImage" class="ProfileImage" src="http://images-manager.mysupermarket.co.uk/Merchants/562/Global/ProfileImage/v0/bonny_confectionery_profileimage_67.jpg" style="height:65px;width:65px;" />
        
        <div class="MerchantDetails">
            <div id="Name" class="MerchantName">Bonny Confectionery <span>(6)</span></div>
            <div id="City" class="MerchantLocation">Menai Bridge</div>
            
            <div id="FreeDelivery" class="MerchantFreeDelivery">Free delivery over <span class=Coin>£</span>20.00</div>
        </div>
    </div></a>
</li><li id="MerchantCell">
    <a id="MerchantLink" linktype="AjaxCloseNavigation" href="http://shops.mysupermarket.co.uk/merchant-tea-huggers/home">
        <div class="ImageWrp">
            <img id="Logo" src="http://images-manager.mysupermarket.co.uk/Merchants/490/Global/LifestyleImage/v0/tea_huggers_lifestyleImage_245.jpg" style="height:152px;width:245px;" />
        </div>
        
 <div class="MerchantDetailsWrp">
        <img id="ProfileImage" class="ProfileImage" src="http://images-manager.mysupermarket.co.uk/Merchants/490/Global/ProfileImage/v2/tea_huggers_profileimage_67.jpg" style="height:65px;width:65px;" />
        
        <div class="MerchantDetails">
            <div id="Name" class="MerchantName">Tea Huggers <span>(5)</span></div>
            <div id="City" class="MerchantLocation">Bath</div>
            
            <div id="FreeDelivery" class="MerchantFreeDelivery">Free delivery</div>
        </div>
    </div></a>
</li><li id="MerchantCell">
    <a id="MerchantLink" linktype="AjaxCloseNavigation" href="http://shops.mysupermarket.co.uk/merchant-tudor-brewery/home">
        <div class="ImageWrp">
            <img id="Logo" src="http://images-manager.mysupermarket.co.uk/Merchants/538/Global/LifestyleImage/v0/tudor_brewery_lifestyleImage_245.jpg" style="height:152px;width:245px;" />
        </div>
        
 <div class="MerchantDetailsWrp">
        <img id="ProfileImage" class="ProfileImage" src="http://images-manager.mysupermarket.co.uk/Merchants/538/Global/ProfileImage/v0/tudor_brewery_profileimage_67.jpg" style="height:65px;width:65px;" />
        
        <div class="MerchantDetails">
            <div id="Name" class="MerchantName">Tudor Brewery <span>(5)</span></div>
            <div id="City" class="MerchantLocation">Abertillery</div>
            
            <div id="FreeDelivery" class="MerchantFreeDelivery">Free delivery over <span class=Coin>£</span>50.00</div>
        </div>
    </div></a>
</li><li id="MerchantCell">
    <a id="MerchantLink" linktype="AjaxCloseNavigation" href="http://shops.mysupermarket.co.uk/merchant-ales-by-mail/home">
        <div class="ImageWrp">
            <img id="Logo" src="http://images-manager.mysupermarket.co.uk/Merchants/498/Global/LifestyleImage/v0/ales_by_mail_lifestyleImage_245.jpg" style="height:152px;width:245px;" />
        </div>
        
 <div class="MerchantDetailsWrp">
        <img id="ProfileImage" class="ProfileImage" src="http://images-manager.mysupermarket.co.uk/Merchants/498/Global/ProfileImage/v0/ales_by_mail_profileimage_67.jpg" style="height:65px;width:65px;" />
        
        <div class="MerchantDetails">
            <div id="Name" class="MerchantName">Ales By Mail  <span>(12)</span></div>
            <div id="City" class="MerchantLocation">Essex</div>
            
            <div id="FreeDelivery" class="MerchantFreeDelivery">Free delivery over <span class=Coin>£</span>50.00</div>
        </div>
    </div></a>
</li><li id="MerchantCell">
    <a id="MerchantLink" linktype="AjaxCloseNavigation" href="http://shops.mysupermarket.co.uk/merchant-english-whisky/home">
        <div class="ImageWrp">
            <img id="Logo" src="http://images-manager.mysupermarket.co.uk/Merchants/528/Global/LifestyleImage/v2/english-whisky_lifestyleImage_245.jpg" style="height:152px;width:245px;" />
        </div>
        
 <div class="MerchantDetailsWrp">
        <img id="ProfileImage" class="ProfileImage" src="http://images-manager.mysupermarket.co.uk/Merchants/528/Global/ProfileImage/v2/english_whisky_profileimage_67.jpg" style="height:65px;width:65px;" />
        
        <div class="MerchantDetails">
            <div id="Name" class="MerchantName">English Whisky <span>(10)</span></div>
            <div id="City" class="MerchantLocation">Norwich</div>
            
            
        </div>
    </div></a>
</li><li id="MerchantCell">
    <a id="MerchantLink" linktype="AjaxCloseNavigation" href="http://shops.mysupermarket.co.uk/merchant-smith-and-amp-sinclair/home">
        <div class="ImageWrp">
            <img id="Logo" src="http://images-manager.mysupermarket.co.uk/Merchants/587/Global/LifestyleImage/v0/smith-and-amp-sinclair_lifestyleImage_245.jpg" style="height:152px;width:245px;" />
        </div>
        
 <div class="MerchantDetailsWrp">
        <img id="ProfileImage" class="ProfileImage" src="http://images-manager.mysupermarket.co.uk/Merchants/587/Global/ProfileImage/v0/smith-and-amp-sinclair_profileimage_67.jpg" style="height:65px;width:65px;" />
        
        <div class="MerchantDetails">
            <div id="Name" class="MerchantName">Smith &amp; Sinclair <span>(5)</span></div>
            <div id="City" class="MerchantLocation">London</div>
            
            <div id="FreeDelivery" class="MerchantFreeDelivery">Free delivery over <span class=Coin>£</span>20.00</div>
        </div>
    </div></a>
</li><li id="MerchantCell">
    <a id="MerchantLink" linktype="AjaxCloseNavigation" href="http://shops.mysupermarket.co.uk/merchant-go-coco-drinks/home">
        <div class="ImageWrp">
            <img id="Logo" src="http://images-manager.mysupermarket.co.uk/Merchants/532/Global/LifestyleImage/v2/go-coco-drinks_lifestyleImage_245.jpg" style="height:152px;width:245px;" />
        </div>
        
 <div class="MerchantDetailsWrp">
        <img id="ProfileImage" class="ProfileImage" src="http://images-manager.mysupermarket.co.uk/Merchants/532/Global/ProfileImage/v2/go-coco-drinks_profileimage_67.jpg" style="height:65px;width:65px;" />
        
        <div class="MerchantDetails">
            <div id="Name" class="MerchantName">Go Coco Drinks <span>(2)</span></div>
            <div id="City" class="MerchantLocation">Glasgow</div>
            
            <div id="FreeDelivery" class="MerchantFreeDelivery">Free delivery</div>
        </div>
    </div></a>
</li><li id="MerchantCell">
    <a id="MerchantLink" linktype="AjaxCloseNavigation" href="http://shops.mysupermarket.co.uk/merchant-avlaki-superb-organic-oliveoil/home">
        <div class="ImageWrp">
            <img id="Logo" src="http://images-manager.mysupermarket.co.uk/Merchants/605/Global/LifestyleImage/v3/avlaki-superb-organic-oliveoil_lifestyleImage_245.jpg" style="height:152px;width:245px;" />
        </div>
        
 <div class="MerchantDetailsWrp">
        <img id="ProfileImage" class="ProfileImage" src="http://images-manager.mysupermarket.co.uk/Merchants/605/Global/ProfileImage/v0/avlaki-superb-organic-oliveoil_profileimage_67.jpg" style="height:65px;width:65px;" />
        
        <div class="MerchantDetails">
            <div id="Name" mouseoverable="true" tooltipcontent="AVLAKI Superb Organic OliveOil  &lt;span>(2)&lt;/span>" boundaries="body" zindex="1500" width="200" class="MerchantName MspTooltip" yoffset="0" xoffset="-10" maxwidth="298" delay="1000" appendto=".MerchantName" clickable="false" arrow="true" direction="Right" useclickinsteadhoveronmobiledevices="true">AVLAKI Superb Organic OliveOil  <span>(2)</span></div>
            <div id="City" class="MerchantLocation">London</div>
            
            <div id="FreeDelivery" class="MerchantFreeDelivery">Free delivery</div>
        </div>
    </div></a>
</li><li id="MerchantCell">
    <a id="MerchantLink" linktype="AjaxCloseNavigation" href="http://shops.mysupermarket.co.uk/merchant-urban-grains/home">
        <div class="ImageWrp">
            <img id="Logo" src="http://images-manager.mysupermarket.co.uk/Merchants/446/Global/LifestyleImage/v0/urban_grains_lifestyleImage_245.jpg" style="height:152px;width:245px;" />
        </div>
        
 <div class="MerchantDetailsWrp">
        <img id="ProfileImage" class="ProfileImage" src="http://images-manager.mysupermarket.co.uk/Merchants/446/Global/ProfileImage/v2/urban_grains_profileimage_67.jpg" style="height:65px;width:65px;" />
        
        <div class="MerchantDetails">
            <div id="Name" class="MerchantName">Urbangrains <span>(10)</span></div>
            <div id="City" class="MerchantLocation">London</div>
            
            <div id="FreeDelivery" class="MerchantFreeDelivery">Free delivery</div>
        </div>
    </div></a>
</li><li id="MerchantCell">
    <a id="MerchantLink" linktype="AjaxCloseNavigation" href="http://shops.mysupermarket.co.uk/merchant-gourmet-spice-co/home">
        <div class="ImageWrp">
            <img id="Logo" src="http://images-manager.mysupermarket.co.uk/Merchants/588/Global/LifestyleImage/v0/gourmet-spice-co_lifestyleImage_245.jpg" style="height:152px;width:245px;" />
        </div>
        
 <div class="MerchantDetailsWrp">
        <img id="ProfileImage" class="ProfileImage" src="http://images-manager.mysupermarket.co.uk/Merchants/588/Global/ProfileImage/v0/gourmet-spice-co_profileimage_67.jpg" style="height:65px;width:65px;" />
        
        <div class="MerchantDetails">
            <div id="Name" class="MerchantName">Gourmet Spice Co <span>(6)</span></div>
            <div id="City" class="MerchantLocation">Weldon</div>
            
            <div id="FreeDelivery" class="MerchantFreeDelivery">Free delivery over <span class=Coin>£</span>35.00</div>
        </div>
    </div></a>
</li><li id="MerchantCell">
    <a id="MerchantLink" linktype="AjaxCloseNavigation" href="http://shops.mysupermarket.co.uk/merchant-the-spicery/home">
        <div class="ImageWrp">
            <img id="Logo" src="http://images-manager.mysupermarket.co.uk/Merchants/554/Global/LifestyleImage/v0/the_spicery_lifestyleImage_245.jpg" style="height:152px;width:245px;" />
        </div>
        
 <div class="MerchantDetailsWrp">
        <img id="ProfileImage" class="ProfileImage" src="http://images-manager.mysupermarket.co.uk/Merchants/554/Global/ProfileImage/v1/the_spicery_profileimage_67.jpg" style="height:65px;width:65px;" />
        
        <div class="MerchantDetails">
            <div id="Name" class="MerchantName">The Spicery <span>(4)</span></div>
            <div id="City" class="MerchantLocation">Bristol</div>
            
            <div id="FreeDelivery" class="MerchantFreeDelivery">Free delivery</div>
        </div>
    </div></a>
</li><li id="MerchantCell">
    <a id="MerchantLink" linktype="AjaxCloseNavigation" href="http://shops.mysupermarket.co.uk/merchant-black-moth-vodka/home">
        <div class="ImageWrp">
            <img id="Logo" src="http://images-manager.mysupermarket.co.uk/Merchants/521/Global/LifestyleImage/v0/black_moth_vodka_lifestyleImage_245.jpg" style="height:152px;width:245px;" />
        </div>
        
 <div class="MerchantDetailsWrp">
        <img id="ProfileImage" class="ProfileImage" src="http://images-manager.mysupermarket.co.uk/Merchants/521/Global/ProfileImage/v1/black_moth_vodka_profileimage_67.jpg" style="height:65px;width:65px;" />
        
        <div class="MerchantDetails">
            <div id="Name" class="MerchantName">Black Moth Vodka <span>(3)</span></div>
            <div id="City" class="MerchantLocation">Cirencester</div>
            
            
        </div>
    </div></a>
</li></ul><script type="text/javascript">$(function() {
Msp.NgMspMerchantsList.Init();
});</script>
    </div>
    <div id="MspHsRelatedDepartmentNav" class="MspHsRelatedDepartmentNav">
    <div class="DepartmentNavTitle">Related items</div>
    <div class="LinksWrap">
     <ul><li><a linktype="Ajax" href="http://shops.mysupermarket.co.uk/department-beverages">Beverages</a></li><li><a linktype="Ajax" href="http://shops.mysupermarket.co.uk/category-coffee-and-coffee-beans">Coffee &amp; Coffee Beans</a></li><li><a linktype="Ajax" href="http://shops.mysupermarket.co.uk/category-coffee-accessories">Coffee Accessories</a></li><li><a linktype="Ajax" href="http://shops.mysupermarket.co.uk/category-tea">Tea</a></li><li><a linktype="Ajax" href="http://shops.mysupermarket.co.uk/category-tea-accessories">Tea Accessories</a></li><li><a linktype="Ajax" href="http://shops.mysupermarket.co.uk/category-energy-and-sports-drinks">Energy &amp; Sports Drinks</a></li><li><a linktype="Ajax" href="http://shops.mysupermarket.co.uk/category-fruit-and-health-drinks">Fruit &amp; Health Drinks</a></li><li><a linktype="Ajax" href="http://shops.mysupermarket.co.uk/category-hot-chocolate-drinks">Hot Chocolate Drinks</a></li><li><a linktype="Ajax" href="http://shops.mysupermarket.co.uk/category-water">Water</a></li><li><a linktype="Ajax" href="http://shops.mysupermarket.co.uk/category-soft-drinks">Soft Drinks</a></li></ul><ul><li><a linktype="Ajax" href="http://shops.mysupermarket.co.uk/department-beauty">Beauty</a></li><li><a linktype="Ajax" href="http://shops.mysupermarket.co.uk/category-beauty-gift-sets">Beauty Gift Sets</a></li><li><a linktype="Ajax" href="http://shops.mysupermarket.co.uk/category-hair-care">Hair Care</a></li><li><a linktype="Ajax" href="http://shops.mysupermarket.co.uk/category-aromatherapy">Aromatherapy</a></li><li><a linktype="Ajax" href="http://shops.mysupermarket.co.uk/category-mens-grooming">Men&#39;s Grooming</a></li><li><a linktype="Ajax" href="http://shops.mysupermarket.co.uk/category-fragrances">Fragrances</a></li><li><a linktype="Ajax" href="http://shops.mysupermarket.co.uk/category-cosmetics">Cosmetics</a></li><li><a linktype="Ajax" href="http://shops.mysupermarket.co.uk/category-sun-care">Sun Care</a></li><li><a linktype="Ajax" href="http://shops.mysupermarket.co.uk/category-skin-care">Skin Care</a></li></ul><ul><li><a linktype="Ajax" href="http://shops.mysupermarket.co.uk/department-wine-beer-and-spirits">Wine, Beer &amp; Spirits</a></li><li><a linktype="Ajax" href="http://shops.mysupermarket.co.uk/category-beer-and-cider">Beer &amp; Cider</a></li><li><a linktype="Ajax" href="http://shops.mysupermarket.co.uk/category-beer-gifts-and-cases">Beer Gifts &amp; Cases</a></li><li><a linktype="Ajax" href="http://shops.mysupermarket.co.uk/category-red-wine">Red Wine</a></li><li><a linktype="Ajax" href="http://shops.mysupermarket.co.uk/category-white-wine">White Wine</a></li><li><a linktype="Ajax" href="http://shops.mysupermarket.co.uk/category-champagne-and-sparkling-wines">Champagne &amp; Sparkling Wines</a></li><li><a linktype="Ajax" href="http://shops.mysupermarket.co.uk/category-rose-and-speciality-wine">Ros&#233; &amp; Speciality Wine</a></li><li><a linktype="Ajax" href="http://shops.mysupermarket.co.uk/category-fortified-wine-port-sherry-and-madeira">Fortified Wine - Port, Sherry &amp; Madeira</a></li><li><a linktype="Ajax" href="http://shops.mysupermarket.co.uk/category-wine-gifts-and-cases">Wine Gifts &amp; Cases</a></li><li><a linktype="Ajax" href="http://shops.mysupermarket.co.uk/category-gin">Gin</a></li><li><a linktype="Ajax" href="http://shops.mysupermarket.co.uk/category-vodka">Vodka</a></li><li><a linktype="Ajax" href="http://shops.mysupermarket.co.uk/category-whisky">Whisky</a></li><li><a linktype="Ajax" href="http://shops.mysupermarket.co.uk/category-brandy">Brandy</a></li><li><a linktype="Ajax" href="http://shops.mysupermarket.co.uk/category-liqueur">Liqueur</a></li><li><a linktype="Ajax" href="http://shops.mysupermarket.co.uk/category-mixers">Mixers</a></li><li><a linktype="Ajax" href="http://shops.mysupermarket.co.uk/category-rum-and-tequila">Rum &amp; Tequila</a></li><li><a linktype="Ajax" href="http://shops.mysupermarket.co.uk/category-spirits-gifts-and-cases">Spirits Gifts &amp; Cases</a></li></ul><ul><li><a linktype="Ajax" href="http://shops.mysupermarket.co.uk/department-cocktail-party">Cocktail Party</a></li></ul><ul><li><a linktype="Ajax" href="http://shops.mysupermarket.co.uk/department-health-and-hygiene">Health &amp; Hygiene</a></li><li><a linktype="Ajax" href="http://shops.mysupermarket.co.uk/category-hygiene">Hygiene</a></li><li><a linktype="Ajax" href="http://shops.mysupermarket.co.uk/category-health">Health</a></li><li><a linktype="Ajax" href="http://shops.mysupermarket.co.uk/category-vitamins-and-supplements">Vitamins  &amp; Supplements</a></li></ul><ul><li><a linktype="Ajax" href="http://shops.mysupermarket.co.uk/department-bakery">Bakery</a></li><li><a linktype="Ajax" href="http://shops.mysupermarket.co.uk/category-bagels-rolls-and-buns">Bagels, Rolls &amp; Buns</a></li><li><a linktype="Ajax" href="http://shops.mysupermarket.co.uk/category-loaves">Loaves</a></li><li><a linktype="Ajax" href="http://shops.mysupermarket.co.uk/category-specialty-and-ethnic-breads">Specialty &amp; Ethnic Breads</a></li><li><a linktype="Ajax" href="http://shops.mysupermarket.co.uk/category-biscuits-and-cookies">Biscuits &amp; Cookies</a></li><li><a linktype="Ajax" href="http://shops.mysupermarket.co.uk/category-cakes">Cakes</a></li><li><a linktype="Ajax" href="http://shops.mysupermarket.co.uk/category-cupcakes">Cupcakes</a></li><li><a linktype="Ajax" href="http://shops.mysupermarket.co.uk/category-scones">Scones</a></li><li><a linktype="Ajax" href="http://shops.mysupermarket.co.uk/category-squares-and-bars">Squares &amp; Bars</a></li><li><a linktype="Ajax" href="http://shops.mysupermarket.co.uk/category-teacakes">Teacakes</a></li><li><a linktype="Ajax" href="http://shops.mysupermarket.co.uk/category-fresh-cream-desserts">Fresh Cream Desserts</a></li><li><a linktype="Ajax" href="http://shops.mysupermarket.co.uk/category-puddings">Puddings</a></li><li><a linktype="Ajax" href="http://shops.mysupermarket.co.uk/category-pastries-and-sweet-pies">Pastries &amp; Sweet Pies</a></li><li><a linktype="Ajax" href="http://shops.mysupermarket.co.uk/category-pies-and-tarts">Pies &amp; Tarts</a></li><li><a linktype="Ajax" href="http://shops.mysupermarket.co.uk/category-frozen-desserts-and-ice-cream">Frozen Desserts &amp; Ice Cream</a></li></ul> 
    </div> 
</div>
   </div>
</div>
                </div>
            </div>
        
	</div>
    
</div>
    
<div id="expandedProductCell">
    <div class="BackOverlay">
        <div class="TopCell"></div>      
    </div>
</div>




<div class="MspFooter">
     
    

    

<div id="Links" class="Links" runat="server">
    <div class="Center">
        <div class="TableRow" runat="server" id="TableRow">
            
<style type="text/css">

    #TopContent .HubContainer {
        padding: 0 0;
    }

    .MspFeaturedMerchantList {
        display: none;
    }
</style>
<ul id="FooterInformationLinks" class="FooterLinks">

    <li>
        <div id="Information">Information</div>
    </li>
    <li>
        <a id="lnkAbout" href="http://help.mysupermarket.co.uk/index.php/faq/about-mysupermarket/" target="_blank">About Us</a>
    </li>
    <li>
        <a id="lnkContact" href="http://help.mysupermarket.co.uk/index.php/faq/mysupermarket-service-centre/" target="_blank">Contact Us</a>
    </li>
    <li>
        <a id="" href="http://help.mysupermarket.co.uk/index.php/sell-on-mysupermarket-shops/" target="_blank">Sell on mySupermarket</a>
    </li>
    <li>
        <a href="http://help.mysupermarket.co.uk/index.php/press/" target="_blank">Press</a>
    </li>
    <li>
        <a id="" href="http://help.mysupermarket.co.uk/index.php/knowledgebase/10-security-policy/" target="_blank">Security</a>
    </li>
    <li>
        <a id="lnkCookiePolicy" href="http://help.mysupermarket.co.uk/index.php/knowledgebase/mysupermarket-cookie-policy/" target="_blank">Cookie Policy</a>
    </li>

    <li>
        <a id="lnkPrivacy" href="http://help.mysupermarket.co.uk/index.php/knowledgebase/privacy-policy/" target="_blank">Privacy</a>
    </li>
    <li>
        <a id="lnkCashback" href="http://help.mysupermarket.co.uk/index.php/section/save-money-with-mysupermarket/cashback/" target="_blank">Cashback</a>
    </li>
    <li>
        <a id="lnkAdvertise" href="http://help.mysupermarket.co.uk/index.php/advertise/" target="_blank">Advertise</a>
    </li>

    <li>
        <a id="lnkHelp" href="http://help.mysupermarket.co.uk/index.php/knowledgebase/" target="_blank">Help</a>
    </li>
 
   


    <li id="lnkVouchersli">
        <a id="lnkVouchers" href="http://www.mysupermarket.co.uk/LandingPages/VouchersLandingPage.aspx?VouchersCampaign=dailyvouchers">Daily Vouchers</a>
    </li>
</ul>

<ul id="WaysToConnect" class="FooterChannels">
    <li>
        <div id="OurWebsites">Ways to Connect</div>
    </li>
    <li>
        <a id="lnkGroceries" href="http://www.mysupermarket.co.uk">Groceries</a>
    </li>
    <li>
        <a id="lnkInsights" href="http://www.mySupermarket-Insights.co.uk">Insights</a>
    </li>
    <li>
        <a id="lnkBlog" href="http://news.mysupermarket.co.uk/" target="_blank">Blog</a>
    </li>
    <li><a class="SitesLogos FacebookFlag" target="_blank" href="http://www.facebook.com/mySupermarket">mySupermarket on Facebook</a></li>
    <li><a class="SitesLogos GooglePlusFlag" target="_blank" href="https://plus.google.com/112758726908401903372" rel="publisher">mySupermarket on Google+</a></li>
    <li><a class="SitesLogos TweeterFlag" target="_blank" href="https://twitter.com/mySupermarket ">mySupermarket on Twitter</a></li>
</ul>
<ul class="FooterLinks">
    <li>
        <div>Deals</div>
    </li>
    <li>
        <a href="http://www.mysupermarket.co.uk/shelf/offer_of_the_day">Offers of the day</a>
    </li>
    <li>
        <a href="http://www.mysupermarket.co.uk/shelf/hot_deals">Hot Deals</a>
    </li>
</ul>

  
<ul id="FooterStores" runat="server" class="FooterStores">
    <li>
           <div id="Retailers">Retailers</div>
    </li>
    <li><a href="http://www.mysupermarket.co.uk/shelf/Tesco">Tesco</a></li>
    <li><a href="http://www.mysupermarket.co.uk/shelf/Morrisons">Morrisons</a></li>
    <li><a href="http://www.mysupermarket.co.uk/shelf/ASDA">ASDA</a></li>
    <li><a href="http://www.mysupermarket.co.uk/shelf/Sainsburys">Sainsbury's</a></li>
    <li><a href="http://www.mysupermarket.co.uk/shelf/Boots">Boots</a></li>
    <li><a href="http://www.mysupermarket.co.uk/shelf/Superdrug">Superdrug</a></li>
    <li><a href="http://www.mysupermarket.co.uk/shelf/Waitrose">Waitrose</a></li>
    <li><a href="http://www.mysupermarket.co.uk/shelf/Ocado">Ocado</a></li>
    <li><a href="http://www.mysupermarket.co.uk/shelf/Aldi">Aldi</a></li>
    <li><a href="http://www.mysupermarket.co.uk/shelf/Poundland">Poundland</a></li>
    <li><a href="http://www.mysupermarket.co.uk/shelf/Iceland">Iceland</a></li>
    <li><a href="http://www.mysupermarket.co.uk/shelf/WHSmith">WHSmith</a></li>
    <li><a href="http://www.mysupermarket.co.uk/shelf/CoOp">CoOp</a></li>
    <!--<li><a href="http://www.mysupermarket.co.uk/shelf/Lloyds_pharmacy">Lloyds pharmacy</a></li>-->
    <li><a href="http://www.mysupermarket.co.uk/shelf/Lidl">Lidl</a></li>
    <li><a href="http://www.mysupermarket.co.uk/shelf/John_Lewis">John Lewis</a></li>
    <li><a href="http://www.mysupermarket.co.uk/shelf/Marks_And_Spencer">Marks & Spencer</a></li>
    <li><a href="http://www.mysupermarket.co.uk/shelf/PoundWorldPlus">Poundworld</a></li>
    <li><a href="http://www.mysupermarket.co.uk/shelf/B_and_m">B & M</a></li>
    <li><a href="http://www.mysupermarket.co.uk/shelf/Amazon">Amazon</a></li>
    

   
    
   
</ul>

<ul id="FooterMiniStores" runat="server" class="FooterStores">
    <li>
        <div id="MiniStores">Mini-Stores</div>
    </li>
    <li><a href="http://cleaning.mysupermarket.co.uk">Cleaning Essentials</a></li>
    <li><a href="http://birdseye.mysupermarket.co.uk">Birds Eye</a></li>
    
    
    <li><a href="http://auntbessies.mysupermarket.co.uk">Aunt Bessie's</a></li>
    <li><a href="http://mccain.mysupermarket.co.uk">McCain</a></li>
    <li><a href="http://nestle.mysupermarket.co.uk">Nestlé</a></li>
    <li><a href="http://spiritscollection.mysupermarket.co.uk">The Spirits Collection</a></li>
    
    
    <li><a href="http://purina.mysupermarket.co.uk">Purina</a></li>

    <li><a href="http://finish.mysupermarket.co.uk">Finish</a></li>
    <li><a href="http://www.mysupermarket.co.uk/shelf/babies_home">Baby</a></li>
</ul>

<ul id="FooterSitesLinks" runat="server">
    <li>
        <div id="Sites">Sites</div>
    </li>
    <li><a class="SitesLogos USFlag" href="http://www.mysupermarket.com">United States</a></li>
    <li><a class="SitesLogos UKFlag" href="http://www.mysupermarket.co.uk">United Kingdom</a></li>
    <li><a class="SitesLogos MobileApp" target="_blank" href="http://www.mysupermarket.co.uk/CleanContent/landingpages/LandingPage/MobileLandingPage"><span class="MobileAppTitle">The mySupermarket app
</span></a></li>
</ul>
        </div>
    </div>
    <div class="Clear"></div>
</div>
<div class="TC" >
    <div class="SslImg"></div>
    <p>
        <span>Access to and use of this website is subject to our</span>
        <a id="lnkTC" href="http://help.mysupermarket.co.uk/index.php/knowledgebase/mysupermarket-terms-of-use/" target="_blank">Terms & Conditions.</a>
        <span>© mySupermarket Limited, 2005-2015. All rights reserved.</span>
    </p>

    <p class="FooterText">The mySupermarket app is available for both <a href="http://hastrk1.com/serve?action=click&publisher_id=23032&site_id=13996&offer_id=247460&sub_campaign=ProductFPA"target="_blank">iPhone</a> &

<a href="http://hastrk1.com/serve?action=click&publisher_id=23032&site_id=30282&offer_id=267256&sub_campaign=ProductFPA" class="AndroidBtn" target="_blank">Andorid</a>.</p>
    <p>*Smart Swap is a registered trademark of the Licensor and is used under licence</p>
    <ul class="RelatedBrands RelatedLinks None">
        <li>
            <span class="RelatedLinksTitle">Related Brands: </span>
        </li>
        
    </ul>
    <ul class="RelatedCategories RelatedLinks None">
        <li>
            <span class="RelatedLinksTitle">Related Categories: </span>
        </li>
        
    </ul>
        
</div>



    <div id="FooterAdsBottom" class="FooterAdsBottom">
        
        
        
    </div>

</div>


        
        <script type="text/javascript">$(function() {
Msp.Tracking.trackEvent('PageView', {"PageType":"MhsBrowse","EventType":0,"Store":"MyHighStreet","UserID":280656202,"ShoppingSessionID":288754708,"GoogleAnalyticsEvent":null});
});</script>
        <!--Ajax Cut End-->
        <!--MachineName:UK-WEB1-->
        <div id="HiddenDataWrp">
            
        </div>
   <script type="text/javascript">$(function() {


});</script><script type='text/javascript'>var MspDataLayer=[];MspDataLayer.push({'store':{"Store":"MyHighStreet"}});</script>

<!-- Google Tag Manager -->
<noscript><iframe src="//www.googletagmanager.com/ns.html?id=GTM-TRL6"
height="0" width="0" style="display:none;visibility:hidden"></iframe></noscript>
<script>
        (function (w, d, s, l, i) {
            w[l] = w[l] || []; w[l].push({ 'gtm.start':
    new Date().getTime(), event: 'gtm.js'
            }); var f = d.getElementsByTagName(s)[0],
    j = d.createElement(s), dl = l != 'dataLayer' ? '&l=' + l : ''; j.async = true; j.src =
    '//www.googletagmanager.com/gtm.js?id=' + i + dl; f.parentNode.insertBefore(j, f);
        })(window, document, 'script', 'MspDataLayer', 'GTM-TRL6');
    </script>
<!-- End Google Tag Manager -->

<div>

<!--<script type="text/javascript">
    (function () {
        if ($(".supportmachine").length == 0) {
            var s2 = $(document.createElement('script'));
            s2.attr("type", 'text/javascript');
            s2.attr("src", '//askit.smadmin.net/clients/mysupermarketuk/AskIT/settings.ashx?uimode=widget&contentdir=mysupermarketuk&lang=en&settingsspecial=settingsspecialnew&loadbooter=1');
            var s1 = $(document.getElementsByTagName('script')[0]);
            s1.after(s2);
            $("body").addClass("supportmachine");
        }
    })();
</script>-->


<!-- End Cooladata -->
<script type="text/javascript">
    (function (d, a, id) { if (d.getElementById(id)) { return }; if (!a.__SV) { var b, c, g, e; window.cooladata = a; a._i = []; a.init = function (b, c, f) { function d(a, b) { var c = b.split("."); 2 == c.length && (a = a[c[0]], b = c[1]); a[b] = function () { a.push([b].concat(Array.prototype.slice.call(arguments, 0))) } } var h = a; "undefined" !== typeof f ? h = a[f] = [] : f = "cooladata"; g = ["trackEvent", "trackEventLater", "trackPageload", "flush", "setConfig"]; for (e = 0; e < g.length; e++) d(h, g[e]); a._i.push([b, c, f]) }; a.__SV = 1.2; b = d.createElement("script"); b.type = "text/javascript"; b.async = !0; b.src = "//cdn.cooladata.com/tracking/cooladata-2.1.12.min.js"; c = d.getElementsByTagName("script")[0]; b.id = id; c.parentNode.insertBefore(b, c) } })(document, window.cooladata || [], 'CooladScriptId');
    cooladata.init({
        "app_key": "7jtdi20p90wdqusmubkww9djcxg19dp3",
        "user_id": "280656202"
    });
</script>


<style type="text/css">
    .ProductAddedIndicationTooltip.MspTooltipInstance .DiscountVoucher,
    .Info.DiscountVoucher {
        background-image: url("http://content.mysupermarket.co.uk/content/ExternalContent/images/voucher_frame_15pound.png?v=2");
        background-position: initial;
    }
</style>
<!--<script type="text/javascript">


    $(document).ready(function () {
        if ($("#PiggySaving .PiggyWrapper").length > 0) return;

        if ($(".SiteTemplateMhs").length > 0) {

            var body = $(".AjaxNavigationMaster");
            var piggydiv = "<div id='PiggySaving'><div class='PiggyWrapper'></div></div>";
            body.append(piggydiv);
        };

    });
</script>-->

</div></div>
   <div class="ProcessingIndication Navigation">
       <span class="text"></span></div>
    
</form>
</body>
</html>
